day;timestamp;product;bid_price_1;bid_volume_1;bid_price_2;bid_volume_2;bid_price_3;bid_volume_3;ask_price_1;ask_volume_1;ask_price_2;ask_volume_2;ask_price_3;ask_volume_3;mid_price;profit_and_loss
0;0;RAINFOREST_RESIN;9998;9;9995;23;;;10005;23;;;;;10001.5;0.0
0;0;KELP;2028;23;;;;;2032;23;;;;;2030.0;0.0
0;0;SQUID_INK;1968;23;;;;;1971;23;;;;;1969.5;0.0
0;100;SQUID_INK;1970;1;1969;2;1967;22;1971;22;;;;;1970.5;0.0
0;100;KELP;2031;1;2030;2;2028;22;2032;22;;;;;2031.5;0.0
0;100;RAINFOREST_RESIN;10002;1;10000;2;9998;4;10004;1;10005;21;;;10003.0;0.0
0;200;SQUID_INK;1966;1;1965;21;;;1969;22;;;;;1967.5;0.0
0;200;RAINFOREST_RESIN;9996;1;9995;21;;;10004;1;10005;21;;;10000.0;2.0
0;200;KELP;2029;1;2028;21;;;2032;22;;;;;2030.5;0.80419921875
0;300;SQUID_INK;1967;1;1965;26;;;1968;26;;;;;1967.5;0.0
0;300;KELP;2031;1;2029;26;;;2032;26;;;;;2031.5;1.376220703125
0;300;RAINFOREST_RESIN;9995;26;;;;;10005;26;;;;;10000.0;5.0
0;400;RAINFOREST_RESIN;9998;8;9996;2;9995;26;10004;2;10005;26;;;10001.0;5.0
0;400;KELP;2029;2;2028;26;;;2032;28;;;;;2030.5;2.5263671875
0;400;SQUID_INK;1966;28;;;;;1969;28;;;;;1967.5;0.0
0;500;SQUID_INK;1966;24;;;;;1968;3;1970;24;;;1967.0;0.0
0;500;KELP;2028;24;;;;;2030;3;2031;24;;;2029.0;3.74951171875
0;500;RAINFOREST_RESIN;9998;8;9996;1;9995;23;10004;1;10005;23;;;10001.0;5.0
0;600;SQUID_INK;1967;5;1965;30;;;1968;30;;;;;1967.5;0.0
0;600;RAINFOREST_RESIN;9996;2;9995;28;;;10004;2;10005;28;;;10000.0;5.0
0;600;KELP;2030;5;2028;30;;;2031;30;;;;;2030.5;3.0
0;700;SQUID_INK;1967;22;;;;;1970;23;;;;;1968.5;0.0
0;700;KELP;2028;22;;;;;2032;23;;;;;2030.0;17.021484375
0;700;RAINFOREST_RESIN;9996;1;9995;22;;;10004;1;10005;22;;;10000.0;5.0
0;800;RAINFOREST_RESIN;9996;1;9995;24;;;10000;3;10004;1;10005;24;9998.0;5.0
0;800;KELP;2028;25;;;;;2030;3;2032;25;;;2029.0;17.16015625
0;800;SQUID_INK;1967;25;;;;;1968;3;1970;25;;;1967.5;0.0
0;900;SQUID_INK;1966;21;;;;;1970;21;;;;;1968.0;0.0
0;900;KELP;2029;21;;;;;2032;21;;;;;2030.5;20.6953125
0;900;RAINFOREST_RESIN;9996;1;9995;20;;;9998;11;10004;1;10005;20;9997.0;8.0
0;1000;SQUID_INK;1967;31;;;;;1970;31;;;;;1968.5;0.0
0;1000;RAINFOREST_RESIN;9996;1;9995;30;;;10004;1;10005;30;;;10000.0;30.0
0;1000;KELP;2029;31;;;;;2032;31;;;;;2030.5;22.8515625
0;1100;SQUID_INK;1968;22;;;;;1971;22;;;;;1969.5;0.0
0;1100;KELP;2029;22;;;;;2032;22;;;;;2030.5;23.021484375
0;1100;RAINFOREST_RESIN;9996;1;9995;21;;;10002;6;10004;1;10005;21;9999.0;30.0
0;1200;RAINFOREST_RESIN;9996;1;9995;22;;;10004;1;10005;22;;;10000.0;30.0
0;1200;KELP;2029;22;;;;;2033;23;;;;;2031.0;27.3046875
0;1200;SQUID_INK;1968;22;;;;;1971;23;;;;;1969.5;0.0
0;1300;SQUID_INK;1968;25;;;;;1971;25;;;;;1969.5;0.0
0;1300;KELP;2029;25;;;;;2033;25;;;;;2031.0;28.85546875
0;1300;RAINFOREST_RESIN;10002;1;9995;25;;;10005;25;;;;;10003.5;30.0
0;1400;SQUID_INK;1968;23;;;;;1970;6;1972;23;;;1969.0;0.0
0;1400;RAINFOREST_RESIN;9995;23;;;;;10000;6;10005;23;;;9997.5;32.0
0;1400;KELP;2029;23;;;;;2030;6;2033;23;;;2029.5;27.955078125
0;1500;SQUID_INK;1971;1;1969;21;;;1972;21;;;;;1971.5;0.0
0;1500;KELP;2032;1;2029;21;;;2033;21;;;;;2032.5;34.5703125
0;1500;RAINFOREST_RESIN;9996;1;9995;20;;;9998;4;10004;1;10005;20;9997.0;32.0
0;1600;RAINFOREST_RESIN;9996;2;9995;28;;;10004;2;10005;28;;;10000.0;40.0
0;1600;KELP;2029;30;;;;;2033;30;;;;;2031.0;36.74609375
0;1600;SQUID_INK;1970;30;;;;;1974;30;;;;;1972.0;0.0
0;1700;SQUID_INK;1970;28;;;;;1972;8;1973;28;;;1971.0;0.0
0;1700;KELP;2029;28;;;;;2031;8;2033;28;;;2030.0;37.333984375
0;1700;RAINFOREST_RESIN;9995;28;;;;;10005;28;;;;;10000.0;40.0
0;1800;SQUID_INK;1972;4;1971;23;;;1974;23;;;;;1973.0;0.0
0;1800;RAINFOREST_RESIN;10000;4;9995;23;;;10002;10;10005;23;;;10001.0;40.0
0;1800;KELP;2031;4;2029;23;;;2033;23;;;;;2032.0;35.71484375
0;1900;SQUID_INK;1969;31;;;;;1972;32;;;;;1970.5;0.0
0;1900;KELP;2030;31;;;;;2033;32;;;;;2031.5;39.2265625
0;1900;RAINFOREST_RESIN;9996;2;9995;30;;;10004;2;10005;30;;;10000.0;40.0
0;2000;RAINFOREST_RESIN;9996;2;9995;21;;;10004;2;10005;21;;;10000.0;40.0
0;2000;KELP;2030;23;;;;;2033;23;;;;;2031.5;39.681640625
0;2000;SQUID_INK;1972;23;;;;;1975;23;;;;;1973.5;0.0
0;2100;KELP;2030;28;;;;;2032;5;2033;2;2034;26;2031.0;44.427734375
0;2100;SQUID_INK;1971;28;;;;;1972;5;1974;28;;;1971.5;0.0
0;2100;RAINFOREST_RESIN;9996;2;9995;26;;;10004;2;10005;26;;;10000.0;40.0
0;2200;KELP;2031;4;2030;21;;;2034;21;;;;;2032.5;45.16796875
0;2200;SQUID_INK;1972;5;1971;20;;;1975;21;;;;;1973.5;0.0
0;2200;RAINFOREST_RESIN;9996;1;9995;20;;;9998;4;10004;1;10005;20;9997.0;40.0
0;2300;SQUID_INK;1972;5;1971;24;;;1975;24;;;;;1973.5;0.0
0;2300;RAINFOREST_RESIN;9996;2;9995;22;;;10004;2;10005;22;;;10000.0;48.0
0;2300;KELP;2030;29;;;;;2033;24;;;;;2031.5;43.380859375
0;2400;RAINFOREST_RESIN;9996;2;9995;20;;;10004;2;10005;20;;;10000.0;48.0
0;2400;KELP;2030;22;;;;;2033;22;;;;;2031.5;42.69921875
0;2400;SQUID_INK;1973;22;;;;;1976;22;;;;;1974.5;0.0
0;2500;KELP;2030;23;;;;;2033;2;2034;21;;;2031.5;44.373046875
0;2500;SQUID_INK;1973;2;1972;21;;;1976;23;;;;;1974.5;0.0
0;2500;RAINFOREST_RESIN;9998;3;9996;2;9995;21;10004;2;10005;21;;;10001.0;48.0
0;2600;KELP;2030;30;;;;;2034;30;;;;;2032.0;45.396484375
0;2600;SQUID_INK;1972;30;;;;;1975;1;1976;29;;;1973.5;0.0
0;2600;RAINFOREST_RESIN;10002;1;9996;1;9995;29;10004;1;10005;29;;;10003.0;48.0
0;2700;SQUID_INK;1972;30;;;;;1975;23;;;;;1973.5;0.0
0;2700;RAINFOREST_RESIN;9998;7;9996;2;9995;21;10004;2;10005;21;;;10001.0;50.0
0;2700;KELP;2031;7;2030;23;;;2033;2;2034;21;;;2032.0;44.5
0;2800;RAINFOREST_RESIN;9995;27;;;;;10005;27;;;;;10000.0;50.0
0;2800;KELP;2030;27;;;;;2034;27;;;;;2032.0;46.048828125
0;2800;SQUID_INK;1971;27;;;;;1975;27;;;;;1973.0;0.0
0;2900;KELP;2030;22;;;;;2034;22;;;;;2032.0;46.1875
0;2900;SQUID_INK;1972;2;1971;20;;;1975;22;;;;;1973.5;0.0
0;2900;RAINFOREST_RESIN;9996;2;9995;20;;;10004;2;10005;20;;;10000.0;50.0
0;3000;KELP;2032;1;2031;5;2030;30;2034;30;;;;;2033.0;45.556640625
0;3000;SQUID_INK;1974;1;1972;35;;;1975;30;;;;;1974.5;0.0
0;3000;RAINFOREST_RESIN;9996;1;9995;29;;;10004;1;10005;29;;;10000.0;50.0
0;3100;SQUID_INK;1971;28;;;;;1975;28;;;;;1973.0;0.0
0;3100;RAINFOREST_RESIN;9998;5;9996;1;9995;27;10004;1;10005;27;;;10001.0;50.0
0;3100;KELP;2031;28;;;;;2034;28;;;;;2032.5;48.671875
0;3200;RAINFOREST_RESIN;10002;2;9995;24;;;10005;24;;;;;10003.5;50.0
0;3200;KELP;2030;24;;;;;2032;5;2034;24;;;2031.0;47.4296875
0;3200;SQUID_INK;1971;24;;;;;1973;5;1975;24;;;1972.0;0.0
0;3300;KELP;2031;25;;;;;2034;25;;;;;2032.5;50.05859375
0;3300;SQUID_INK;1971;25;;;;;1975;25;;;;;1973.0;0.0
0;3300;RAINFOREST_RESIN;10002;1;9996;1;9995;24;10004;1;10005;24;;;10003.0;54.0
0;3400;KELP;2030;29;;;;;2034;29;;;;;2032.0;44.966796875
0;3400;SQUID_INK;1971;29;;;;;1974;29;;;;;1972.5;0.0
0;3400;RAINFOREST_RESIN;9998;10;9996;2;9995;27;10004;2;10005;27;;;10001.0;56.0
0;3500;SQUID_INK;1971;26;;;;;1975;26;;;;;1973.0;0.0
0;3500;RAINFOREST_RESIN;9995;26;;;;;10002;10;10005;26;;;9998.5;56.0
0;3500;KELP;2031;26;;;;;2034;26;;;;;2032.5;48.474609375
0;3600;RAINFOREST_RESIN;9995;27;;;;;10002;8;10005;27;;;9998.5;56.0
0;3600;KELP;2031;27;;;;;2034;27;;;;;2032.5;48.248046875
0;3600;SQUID_INK;1971;27;;;;;1974;27;;;;;1972.5;0.0
0;3700;KELP;2030;25;;;;;2034;25;;;;;2032.0;47.421875
0;3700;RAINFOREST_RESIN;9998;3;9995;25;;;10005;25;;;;;10001.5;56.0
0;3700;SQUID_INK;1971;25;;;;;1974;25;;;;;1972.5;0.0
0;3800;KELP;2030;24;;;;;2032;7;2033;24;;;2031.0;42.44140625
0;3800;SQUID_INK;1971;24;;;;;1973;7;1974;24;;;1972.0;0.0
0;3800;RAINFOREST_RESIN;9995;24;;;;;10005;24;;;;;10000.0;56.0
0;3900;RAINFOREST_RESIN;9996;2;9995;24;;;10004;2;10005;24;;;10000.0;56.0
0;3900;SQUID_INK;1970;27;;;;;1973;26;;;;;1971.5;0.0
0;3900;KELP;2030;27;;;;;2033;26;;;;;2031.5;40.515625
0;4000;RAINFOREST_RESIN;10002;1;9996;1;9995;30;10004;1;10005;30;;;10003.0;56.0
0;4000;KELP;2030;30;;;;;2033;31;;;;;2031.5;41.908203125
0;4000;SQUID_INK;1970;30;;;;;1973;31;;;;;1971.5;0.0
0;4100;KELP;2031;5;2030;24;;;2033;24;;;;;2032.0;40.28515625
0;4100;RAINFOREST_RESIN;10000;5;9996;2;9995;22;10002;4;10004;2;10005;22;10001.0;58.0
0;4100;SQUID_INK;1974;5;1973;2;1972;22;1976;24;;;;;1975.0;0.0
0;4200;SQUID_INK;1971;29;;;;;1973;7;1974;29;;;1972.0;0.0
0;4200;KELP;2030;29;;;;;2032;7;2033;29;;;2031.0;39.275390625
0;4200;RAINFOREST_RESIN;10002;5;9996;1;9995;28;10004;1;10005;28;;;10003.0;58.0
0;4300;RAINFOREST_RESIN;9995;26;;;;;10002;8;10005;26;;;9998.5;68.0
0;4300;SQUID_INK;1970;24;;;;;1973;26;;;;;1971.5;0.0
0;4300;KELP;2030;24;;;;;2033;26;;;;;2031.5;38.748046875
0;4400;RAINFOREST_RESIN;9995;28;;;;;10005;28;;;;;10000.0;68.0
0;4400;SQUID_INK;1970;28;;;;;1974;28;;;;;1972.0;0.0
0;4400;KELP;2030;28;;;;;2033;28;;;;;2031.5;38.345703125
0;4500;KELP;2029;26;;;;;2031;8;2033;26;;;2030.0;36.08203125
0;4500;RAINFOREST_RESIN;9995;26;;;;;10005;26;;;;;10000.0;68.0
0;4500;SQUID_INK;1971;26;;;;;1973;8;1975;26;;;1972.0;0.0
0;4600;SQUID_INK;1970;21;;;;;1972;3;1974;21;;;1971.0;0.0
0;4600;KELP;2029;21;;;;;2031;3;2033;21;;;2030.0;34.416015625
0;4600;RAINFOREST_RESIN;9995;21;;;;;10005;21;;;;;10000.0;68.0
0;4700;RAINFOREST_RESIN;9998;5;9995;26;;;10005;26;;;;;10001.5;68.0
0;4700;SQUID_INK;1970;26;;;;;1974;26;;;;;1972.0;0.0
0;4700;KELP;2029;26;;;;;2032;26;;;;;2030.5;33.595703125
0;4800;RAINFOREST_RESIN;9996;1;9995;22;;;10004;1;10005;22;;;10000.0;68.0
0;4800;SQUID_INK;1973;1;1971;30;;;1974;23;;;;;1973.5;0.0
0;4800;KELP;2031;1;2029;30;;;2032;23;;;;;2031.5;31.06640625
0;4900;KELP;2029;24;;;;;2031;6;2032;24;;;2030.0;30.3125
0;4900;RAINFOREST_RESIN;9996;2;9995;22;;;10004;2;10005;22;;;10000.0;68.0
0;4900;SQUID_INK;1972;24;;;;;1974;6;1975;24;;;1973.0;0.0
0;5000;SQUID_INK;1972;6;1971;30;;;1975;31;;;;;1973.5;0.0
0;5000;KELP;2029;6;2028;30;;;2032;31;;;;;2030.5;28.328125
0;5000;RAINFOREST_RESIN;9998;9;9996;1;9995;30;10004;1;10005;30;;;10001.0;68.0
0;5100;RAINFOREST_RESIN;9995;26;;;;;10005;26;;;;;10000.0;68.0
0;5100;SQUID_INK;1971;26;;;;;1974;26;;;;;1972.5;0.0
0;5100;KELP;2028;26;;;;;2032;26;;;;;2030.0;27.009765625
0;5200;RAINFOREST_RESIN;10000;5;9998;7;9996;2;10004;2;10005;23;;;10002.0;68.0
0;5200;SQUID_INK;1972;11;1971;25;;;1975;25;;;;;1973.5;0.0
0;5200;KELP;2030;5;2029;8;2028;23;2032;25;;;;;2031.0;28.658203125
0;5300;KELP;2029;22;;;;;2032;22;;;;;2030.5;29.91015625
0;5300;RAINFOREST_RESIN;9995;22;;;;;9998;12;10005;22;;;9996.5;68.0
0;5300;SQUID_INK;1971;22;;;;;1974;22;;;;;1972.5;0.0
0;5400;SQUID_INK;1972;30;;;;;1975;30;;;;;1973.5;0.0
0;5400;KELP;2029;30;;;;;2032;30;;;;;2030.5;29.9150390625
0;5400;RAINFOREST_RESIN;9995;30;;;;;10005;30;;;;;10000.0;92.0
0;5500;RAINFOREST_RESIN;9996;1;9995;28;;;10004;1;10005;28;;;10000.0;95.0
0;5500;SQUID_INK;1972;21;;;;;1975;29;;;;;1973.5;0.0
0;5500;KELP;2029;21;;;;;2032;29;;;;;2030.5;31.18017578125
0;5600;RAINFOREST_RESIN;9998;2;9996;2;9995;23;10004;2;10005;23;;;10001.0;99.0
0;5600;SQUID_INK;1973;25;;;;;1976;25;;;;;1974.5;0.0
0;5600;KELP;2029;25;;;;;2032;2;2033;23;;;2030.5;32.27978515625
0;5700;KELP;2030;3;2029;31;;;2033;31;;;;;2031.5;32.55859375
0;5700;RAINFOREST_RESIN;9996;1;9995;30;;;10004;1;10005;30;;;10000.0;99.0
0;5700;SQUID_INK;1973;3;1972;31;;;1976;31;;;;;1974.5;0.0
0;5800;SQUID_INK;1972;30;;;;;1975;30;;;;;1973.5;0.0
0;5800;KELP;2029;30;;;;;2033;30;;;;;2031.0;32.8974609375
0;5800;RAINFOREST_RESIN;9996;2;9995;28;;;10004;2;10005;28;;;10000.0;99.0
0;5900;RAINFOREST_RESIN;9996;2;9995;21;;;10004;2;10005;21;;;10000.0;99.0
0;5900;SQUID_INK;1972;23;;;;;1975;23;;;;;1973.5;0.0
0;5900;KELP;2029;23;;;;;2033;23;;;;;2031.0;32.97412109375
0;6000;RAINFOREST_RESIN;9995;30;;;;;10002;10;10005;30;;;9998.5;99.0
0;6000;SQUID_INK;1972;30;;;;;1976;30;;;;;1974.0;0.0
0;6000;KELP;2029;30;;;;;2033;30;;;;;2031.0;32.39990234375
0;6100;KELP;2029;25;;;;;2033;25;;;;;2031.0;32.892578125
0;6100;RAINFOREST_RESIN;9996;1;9995;24;;;10004;1;10005;24;;;10000.0;99.0
0;6100;SQUID_INK;1971;25;;;;;1975;25;;;;;1973.0;0.0
0;6200;SQUID_INK;1975;1;1973;30;;;1976;30;;;;;1975.5;0.0
0;6200;KELP;2032;1;2029;30;;;2033;30;;;;;2032.5;32.93896484375
0;6200;RAINFOREST_RESIN;9998;3;9996;1;9995;29;10004;1;10005;29;;;10001.0;99.0
0;6300;RAINFOREST_RESIN;9995;22;;;;;10005;22;;;;;10000.0;99.0
0;6300;SQUID_INK;1973;22;;;;;1976;22;;;;;1974.5;0.0
0;6300;KELP;2029;22;;;;;2033;22;;;;;2031.0;33.8095703125
0;6400;RAINFOREST_RESIN;9996;1;9995;23;;;10002;6;10004;1;10005;23;9999.0;99.0
0;6400;SQUID_INK;1973;24;;;;;1977;24;;;;;1975.0;0.0
0;6400;KELP;2029;24;;;;;2032;24;;;;;2030.5;47.5458984375
0;6500;KELP;2029;22;;;;;2032;22;;;;;2030.5;47.712890625
0;6500;RAINFOREST_RESIN;9995;22;;;;;10005;22;;;;;10000.0;99.0
0;6500;SQUID_INK;1972;22;;;;;1975;22;;;;;1973.5;0.0
0;6600;SQUID_INK;1974;22;;;;;1977;29;;;;;1975.5;0.0
0;6600;KELP;2029;22;;;;;2032;29;;;;;2030.5;50.0107421875
0;6600;RAINFOREST_RESIN;9996;2;9995;27;;;10004;2;10005;27;;;10000.0;99.0
0;6700;RAINFOREST_RESIN;9996;1;9995;30;;;10004;1;10005;30;;;10000.0;99.0
0;6700;SQUID_INK;1973;31;;;;;1975;7;1976;31;;;1974.0;0.0
0;6700;KELP;2029;31;;;;;2031;7;2032;31;;;2030.0;47.66015625
0;6800;RAINFOREST_RESIN;10000;5;9996;2;9995;29;10004;2;10005;29;;;10002.0;102.0
0;6800;SQUID_INK;1976;4;1975;2;1974;29;1978;31;;;;;1977.0;0.0
0;6800;KELP;2030;4;2029;31;;;2033;31;;;;;2031.5;45.2177734375
0;6900;KELP;2030;29;;;;;2032;3;2033;29;;;2031.0;42.087890625
0;6900;RAINFOREST_RESIN;9996;2;9995;27;;;10004;2;10005;27;;;10000.0;102.0
0;6900;SQUID_INK;1973;29;;;;;1975;3;1976;29;;;1974.0;0.0
0;7000;SQUID_INK;1973;38;;;;;1976;31;;;;;1974.5;0.0
0;7000;KELP;2030;38;;;;;2033;31;;;;;2031.5;42.4931640625
0;7000;RAINFOREST_RESIN;9996;1;9995;30;;;10004;1;10005;30;;;10000.0;102.0
0;7100;RAINFOREST_RESIN;9996;1;9995;30;;;9998;5;10002;7;10004;1;9997.0;102.0
0;7100;SQUID_INK;1975;31;;;;;1978;31;;;;;1976.5;0.0
0;7100;KELP;2030;31;;;;;2033;31;;;;;2031.5;42.0732421875
0;7200;RAINFOREST_RESIN;9996;1;9995;22;;;10002;1;10004;1;10005;22;9999.0;112.0
0;7200;SQUID_INK;1976;29;;;;;1979;23;;;;;1977.5;0.0
0;7200;KELP;2030;29;;;;;2033;23;;;;;2031.5;42.1318359375
0;7300;KELP;2030;26;;;;;2033;26;;;;;2031.5;42.8515625
0;7300;RAINFOREST_RESIN;9996;1;9995;25;;;10004;1;10005;25;;;10000.0;133.0
0;7300;SQUID_INK;1975;26;;;;;1978;26;;;;;1976.5;0.0
0;7400;SQUID_INK;1975;22;;;;;1978;22;;;;;1976.5;0.0
0;7400;KELP;2030;22;;;;;2033;22;;;;;2031.5;42.923828125
0;7400;RAINFOREST_RESIN;10002;1;9995;22;;;10005;22;;;;;10003.5;133.0
0;7500;RAINFOREST_RESIN;9995;29;;;;;10005;29;;;;;10000.0;135.0
0;7500;SQUID_INK;1974;29;;;;;1976;3;1977;29;;;1975.0;0.0
0;7500;KELP;2030;29;;;;;2032;3;2033;29;;;2031.0;51.37109375
0;7600;RAINFOREST_RESIN;10002;1;9995;27;;;10005;27;;;;;10003.5;135.0
0;7600;SQUID_INK;1973;27;;;;;1977;27;;;;;1975.0;0.0
0;7600;KELP;2030;27;;;;;2033;27;;;;;2031.5;48.671875
0;7700;KELP;2030;26;;;;;2033;26;;;;;2031.5;47.24609375
0;7700;RAINFOREST_RESIN;9996;1;9995;25;;;10002;5;10004;1;10005;25;9999.0;137.0
0;7700;SQUID_INK;1974;26;;;;;1977;26;;;;;1975.5;0.0
0;7800;SQUID_INK;1974;1;1973;23;;;1977;23;;;;;1975.5;0.0
0;7800;KELP;2030;24;;;;;2033;23;;;;;2031.5;48.08984375
0;7800;RAINFOREST_RESIN;9995;23;;;;;10005;23;;;;;10000.0;137.0
0;7900;RAINFOREST_RESIN;9996;2;9995;22;;;10002;7;10004;2;10005;22;9999.0;137.0
0;7900;SQUID_INK;1972;24;;;;;1975;2;1976;22;;;1973.5;0.0
0;7900;KELP;2030;24;;;;;2033;24;;;;;2031.5;47.5234375
0;8000;RAINFOREST_RESIN;10000;3;9996;2;9995;28;10004;2;10005;28;;;10002.0;137.0
0;8000;SQUID_INK;1975;1;1974;3;1973;30;1976;30;;;;;1975.5;0.0
0;8000;KELP;2032;1;2031;3;2030;2;2033;30;;;;;2032.5;51.55078125
0;8100;KELP;2029;25;;;;;2033;25;;;;;2031.0;51.1875
0;8100;RAINFOREST_RESIN;9995;25;;;;;10005;25;;;;;10000.0;137.0
0;8100;SQUID_INK;1973;25;;;;;1976;25;;;;;1974.5;0.0
0;8200;RAINFOREST_RESIN;9996;2;9995;25;;;10004;2;10005;25;;;10000.0;137.0
0;8200;SQUID_INK;1976;2;1975;25;;;1979;27;;;;;1977.5;0.0
0;8200;KELP;2030;27;;;;;2033;27;;;;;2031.5;46.3125
0;8300;SQUID_INK;1977;28;;;;;1980;28;;;;;1978.5;0.0
0;8300;KELP;2030;28;;;;;2033;28;;;;;2031.5;46.26171875
0;8300;RAINFOREST_RESIN;9998;9;9995;28;;;10005;28;;;;;10001.5;140.0
0;8400;RAINFOREST_RESIN;9998;5;9995;29;;;10005;29;;;;;10001.5;140.0
0;8400;SQUID_INK;1976;29;;;;;1980;29;;;;;1978.0;0.0
0;8400;KELP;2030;29;;;;;2033;29;;;;;2031.5;47.671875
0;8500;KELP;2030;35;;;;;2033;27;;;;;2031.5;46.4453125
0;8500;RAINFOREST_RESIN;9996;2;9995;25;;;10004;2;10005;25;;;10000.0;140.0
0;8500;SQUID_INK;1975;35;;;;;1978;27;;;;;1976.5;0.0
0;8600;RAINFOREST_RESIN;9996;2;9995;27;;;10004;2;10005;27;;;10000.0;140.0
0;8600;KELP;2030;29;;;;;2033;29;;;;;2031.5;45.25390625
0;8600;SQUID_INK;1976;29;;;;;1979;29;;;;;1977.5;0.0
0;8700;SQUID_INK;1980;1;1978;32;;;1981;24;;;;;1980.5;0.0
0;8700;KELP;2032;1;2030;32;;;2033;24;;;;;2032.5;48.0
0;8700;RAINFOREST_RESIN;9996;2;9995;22;;;10004;2;10005;22;;;10000.0;140.0
0;8800;SQUID_INK;1979;31;;;;;1982;31;;;;;1980.5;0.0
0;8800;RAINFOREST_RESIN;9996;1;9995;30;;;10004;1;10005;30;;;10000.0;140.0
0;8800;KELP;2030;31;;;;;2033;31;;;;;2031.5;45.44140625
0;8900;SQUID_INK;1979;28;;;;;1982;26;;;;;1980.5;0.0
0;8900;KELP;2030;28;;;;;2033;26;;;;;2031.5;45.6640625
0;8900;RAINFOREST_RESIN;9995;26;;;;;10005;26;;;;;10000.0;140.0
0;9000;RAINFOREST_RESIN;9995;23;;;;;10005;23;;;;;10000.0;140.0
0;9000;KELP;2030;23;;;;;2033;23;;;;;2031.5;43.92578125
0;9000;SQUID_INK;1979;23;;;;;1983;23;;;;;1981.0;0.0
0;9100;SQUID_INK;1979;27;;;;;1982;22;;;;;1980.5;0.0
0;9100;KELP;2030;27;;;;;2033;22;;;;;2031.5;48.50390625
0;9100;RAINFOREST_RESIN;9995;22;;;;;9998;1;10005;22;;;9996.5;140.0
0;9200;SQUID_INK;1980;30;;;;;1983;27;;;;;1981.5;0.0
0;9200;RAINFOREST_RESIN;9996;2;9995;25;;;10004;2;10005;25;;;10000.0;175.0
0;9200;KELP;2030;30;;;;;2033;27;;;;;2031.5;47.74609375
0;9300;SQUID_INK;1979;30;;;;;1983;30;;;;;1981.0;0.0
0;9300;KELP;2030;30;;;;;2033;30;;;;;2031.5;47.0234375
0;9300;RAINFOREST_RESIN;10002;11;9998;1;9996;1;10004;1;10005;29;;;10003.0;175.0
0;9400;RAINFOREST_RESIN;10002;1;9996;2;9995;28;10004;2;10005;28;;;10003.0;197.0
0;9400;KELP;2030;33;;;;;2033;30;;;;;2031.5;48.48046875
0;9400;SQUID_INK;1981;3;1980;30;;;1984;30;;;;;1982.5;0.0
0;9500;SQUID_INK;1981;26;;;;;1985;26;;;;;1983.0;0.0
0;9500;KELP;2030;26;;;;;2033;26;;;;;2031.5;47.92578125
0;9500;RAINFOREST_RESIN;10002;1;9996;2;9995;24;10004;2;10005;24;;;10003.0;199.0
0;9600;SQUID_INK;1981;21;;;;;1985;21;;;;;1983.0;0.0
0;9600;RAINFOREST_RESIN;9996;1;9995;20;;;10002;6;10004;1;10005;20;9999.0;201.0
0;9600;KELP;2030;21;;;;;2033;21;;;;;2031.5;44.82421875
0;9700;SQUID_INK;1981;1;1980;30;;;1982;10;1984;31;;;1981.5;0.0
0;9700;KELP;2029;31;;;;;2031;10;2033;31;;;2030.0;54.88671875
0;9700;RAINFOREST_RESIN;9996;1;9995;30;;;10000;4;10004;1;10005;30;9998.0;201.0
0;9800;RAINFOREST_RESIN;9998;1;9996;2;9995;24;10004;2;10005;24;;;10001.0;201.0
0;9800;KELP;2030;26;;;;;2033;26;;;;;2031.5;52.2158203125
0;9800;SQUID_INK;1981;26;;;;;1984;26;;;;;1982.5;0.0
0;9900;SQUID_INK;1981;24;;;;;1984;24;;;;;1982.5;0.0
0;9900;KELP;2030;24;;;;;2033;24;;;;;2031.5;52.78515625
0;9900;RAINFOREST_RESIN;9995;24;;;;;10005;24;;;;;10000.0;201.0
0;10000;SQUID_INK;1981;27;;;;;1985;27;;;;;1983.0;0.0
0;10000;RAINFOREST_RESIN;9995;27;;;;;10005;27;;;;;10000.0;201.0
0;10000;KELP;2030;27;;;;;2033;27;;;;;2031.5;52.6396484375
0;10100;SQUID_INK;1982;21;;;;;1984;5;1986;21;;;1983.0;0.0
0;10100;KELP;2030;21;;;;;2032;5;2033;21;;;2031.0;52.1455078125
0;10100;RAINFOREST_RESIN;10002;4;9996;1;9995;20;10004;1;10005;20;;;10003.0;201.0
0;10200;RAINFOREST_RESIN;9995;20;;;;;10005;20;;;;;10000.0;209.0
0;10200;KELP;2030;20;;;;;2033;20;;;;;2031.5;49.67578125
0;10200;SQUID_INK;1981;20;;;;;1984;20;;;;;1982.5;0.0
0;10300;SQUID_INK;1982;6;1981;24;;;1985;25;;;;;1983.5;0.0
0;10300;KELP;2030;30;;;;;2033;25;;;;;2031.5;49.9267578125
0;10300;RAINFOREST_RESIN;9996;1;9995;24;;;10004;1;10005;24;;;10000.0;209.0
0;10400;SQUID_INK;1982;25;;;;;1986;25;;;;;1984.0;0.0
0;10400;RAINFOREST_RESIN;9995;25;;;;;10005;25;;;;;10000.0;212.0
0;10400;KELP;2030;25;;;;;2033;25;;;;;2031.5;49.67529296875
0;10500;SQUID_INK;1982;8;1981;26;;;1985;26;;;;;1983.5;0.0
0;10500;KELP;2030;34;;;;;2033;26;;;;;2031.5;49.88671875
0;10500;RAINFOREST_RESIN;9995;26;;;;;10005;26;;;;;10000.0;212.0
0;10600;RAINFOREST_RESIN;9995;20;;;;;10005;20;;;;;10000.0;212.0
0;10600;KELP;2032;3;2030;20;;;2033;20;;;;;2032.5;50.41455078125
0;10600;SQUID_INK;1983;3;1981;20;;;1985;20;;;;;1984.0;0.0
0;10700;SQUID_INK;1981;31;;;;;1984;24;;;;;1982.5;0.0
0;10700;KELP;2030;7;2029;24;;;2033;24;;;;;2031.5;54.9580078125
0;10700;RAINFOREST_RESIN;9995;24;;;;;9998;3;10005;24;;;9996.5;212.0
0;10800;SQUID_INK;1981;6;1980;23;;;1984;23;;;;;1982.5;0.0
0;10800;RAINFOREST_RESIN;9995;23;;;;;10002;1;10005;23;;;9998.5;218.0
0;10800;KELP;2030;6;2029;23;;;2033;23;;;;;2031.5;56.2685546875
0;10900;SQUID_INK;1980;23;;;;;1981;6;1983;23;;;1980.5;0.0
0;10900;RAINFOREST_RESIN;9996;1;9995;22;;;10000;6;10004;1;10005;22;9998.0;218.0
0;10900;KELP;2029;23;;;;;2030;6;2033;23;;;2029.5;61.10205078125
0;11000;RAINFOREST_RESIN;9996;1;9995;26;;;10004;1;10005;26;;;10000.0;218.0
0;11000;KELP;2029;27;;;;;2031;2;2032;1;2033;26;2030.0;66.1484375
0;11000;SQUID_INK;1980;27;;;;;1982;2;1983;27;;;1981.0;0.0
0;11100;KELP;2030;1;2029;31;;;2033;31;;;;;2031.5;67.18359375
0;11100;SQUID_INK;1979;2;1978;30;;;1982;31;;;;;1980.5;0.0
0;11100;RAINFOREST_RESIN;9996;1;9995;30;;;10002;1;10004;1;10005;30;9999.0;218.0
0;11200;KELP;2029;30;;;;;2031;5;2032;2;2033;28;2030.0;66.33203125
0;11200;SQUID_INK;1980;30;;;;;1982;5;1983;30;;;1981.0;0.0
0;11200;RAINFOREST_RESIN;9996;2;9995;28;;;10004;2;10005;28;;;10000.0;218.0
0;11300;SQUID_INK;1980;27;;;;;1983;27;;;;;1981.5;0.0
0;11300;RAINFOREST_RESIN;9996;2;9995;25;;;10002;2;10004;2;10005;25;9999.0;218.0
0;11300;KELP;2029;27;;;;;2033;27;;;;;2031.0;66.6455078125
0;11400;RAINFOREST_RESIN;9995;30;;;;;10005;30;;;;;10000.0;218.0
0;11400;KELP;2029;30;;;;;2033;30;;;;;2031.0;67.0087890625
0;11400;SQUID_INK;1981;30;;;;;1984;30;;;;;1982.5;0.0
0;11500;KELP;2029;29;;;;;2031;5;2033;29;;;2030.0;67.4306640625
0;11500;SQUID_INK;1980;29;;;;;1982;5;1983;1;1984;28;1981.0;0.0
0;11500;RAINFOREST_RESIN;9996;1;9995;28;;;10004;1;10005;28;;;10000.0;218.0
0;11600;KELP;2029;24;;;;;2031;7;2033;24;;;2030.0;67.283203125
0;11600;SQUID_INK;1982;2;1981;22;;;1983;7;1985;24;;;1982.5;0.0
0;11600;RAINFOREST_RESIN;9996;2;9995;22;;;10004;2;10005;22;;;10000.0;218.0
0;11700;SQUID_INK;1982;4;1981;22;;;1984;22;;;;;1983.0;0.0
0;11700;RAINFOREST_RESIN;10000;4;9996;2;9995;20;10004;2;10005;20;;;10002.0;218.0
0;11700;KELP;2031;4;2029;22;;;2033;22;;;;;2032.0;67.16796875
0;11800;RAINFOREST_RESIN;9998;10;9996;1;9995;21;10004;1;10005;21;;;10001.0;218.0
0;11800;KELP;2029;22;;;;;2033;22;;;;;2031.0;67.0452880859375
0;11800;SQUID_INK;1979;22;;;;;1982;22;;;;;1980.5;0.0
0;11900;KELP;2031;4;2029;23;;;2033;23;;;;;2032.0;67.087646484375
0;11900;SQUID_INK;1979;4;1978;23;;;1981;23;;;;;1980.0;0.0
0;11900;RAINFOREST_RESIN;10002;1;10000;4;9998;1;10004;1;10005;22;;;10003.0;218.0
0;12000;KELP;2030;28;;;;;2033;28;;;;;2031.5;67.0
0;12000;SQUID_INK;1978;28;;;;;1982;28;;;;;1980.0;0.0
0;12000;RAINFOREST_RESIN;9996;1;9995;27;;;10004;1;10005;27;;;10000.0;220.0
0;12100;SQUID_INK;1979;25;;;;;1982;25;;;;;1980.5;0.0
0;12100;RAINFOREST_RESIN;9996;2;9995;23;;;9998;8;10004;2;10005;23;9997.0;220.0
0;12100;KELP;2030;2;2029;23;;;2033;25;;;;;2031.5;67.0
0;12200;RAINFOREST_RESIN;9996;2;9995;23;;;10004;2;10005;23;;;10000.0;236.0
0;12200;KELP;2029;25;;;;;2033;25;;;;;2031.0;67.0
0;12200;SQUID_INK;1978;25;;;;;1981;25;;;;;1979.5;0.0
0;12300;KELP;2030;29;;;;;2033;25;;;;;2031.5;67.0
0;12300;SQUID_INK;1977;29;;;;;1980;25;;;;;1978.5;0.0
0;12300;RAINFOREST_RESIN;9996;1;9995;24;;;10002;3;10004;1;10005;24;9999.0;236.0
0;12400;KELP;2030;29;;;;;2033;29;;;;;2031.5;67.0
0;12400;SQUID_INK;1976;29;;;;;1979;29;;;;;1977.5;0.0
0;12400;RAINFOREST_RESIN;10002;1;9998;5;9995;29;10005;29;;;;;10003.5;236.0
0;12500;SQUID_INK;1976;3;1975;23;;;1978;23;;;;;1977.0;0.0
0;12500;RAINFOREST_RESIN;10000;3;9996;1;9995;22;10004;1;10005;22;;;10002.0;238.0
0;12500;KELP;2031;3;2030;23;;;2033;23;;;;;2032.0;67.0
0;12600;RAINFOREST_RESIN;10000;4;9995;26;;;10005;26;;;;;10002.5;238.0
0;12600;KELP;2031;4;2030;26;;;2033;26;;;;;2032.0;67.0
0;12600;SQUID_INK;1975;4;1973;26;;;1977;26;;;;;1976.0;0.0
0;12700;KELP;2030;28;;;;;2033;28;;;;;2031.5;67.0
0;12700;RAINFOREST_RESIN;10002;1;9996;1;9995;27;10004;1;10005;27;;;10003.0;238.0
0;12700;SQUID_INK;1972;28;;;;;1975;1;1976;27;;;1973.5;0.0
0;12800;KELP;2031;4;2030;30;;;2033;30;;;;;2032.0;67.0
0;12800;SQUID_INK;1975;4;1974;2;1973;28;1977;30;;;;;1976.0;0.0
0;12800;RAINFOREST_RESIN;10000;4;9996;2;9995;28;10002;9;10004;2;10005;28;10001.0;240.0
0;12900;RAINFOREST_RESIN;9996;2;9995;21;;;10002;4;10004;2;10005;21;9999.0;240.0
0;12900;SQUID_INK;1971;23;;;;;1973;2;1974;23;;;1972.0;0.0
0;12900;KELP;2030;23;;;;;2032;2;2033;23;;;2031.0;67.0
0;13000;RAINFOREST_RESIN;9996;2;9995;30;;;10002;2;10004;2;10005;30;9999.0;240.0
0;13000;SQUID_INK;1972;32;;;;;1975;32;;;;;1973.5;0.0
0;13000;KELP;2029;32;;;;;2033;32;;;;;2031.0;67.0
0;13100;KELP;2029;21;;;;;2030;2;2033;21;;;2029.5;67.0
0;13100;RAINFOREST_RESIN;9995;21;;;;;10000;2;10005;21;;;9997.5;240.0
0;13100;SQUID_INK;1974;21;;;;;1975;2;1977;21;;;1974.5;0.0
0;13200;SQUID_INK;1976;1;1974;9;1973;29;1977;31;;;;;1976.5;0.0
0;13200;KELP;2032;1;2030;38;;;2033;31;;;;;2032.5;69.5791015625
0;13200;RAINFOREST_RESIN;9998;9;9996;2;9995;29;10004;2;10005;29;;;10001.0;240.0
0;13300;RAINFOREST_RESIN;10002;2;9996;1;9995;22;10004;1;10005;22;;;10003.0;240.0
0;13300;SQUID_INK;1972;23;;;;;1976;23;;;;;1974.0;0.0
0;13300;KELP;2030;23;;;;;2033;23;;;;;2031.5;70.7288818359375
0;13400;RAINFOREST_RESIN;9995;26;;;;;10005;26;;;;;10000.0;244.0
0;13400;SQUID_INK;1973;26;;;;;1977;26;;;;;1975.0;0.0
0;13400;KELP;2030;26;;;;;2033;26;;;;;2031.5;70.551513671875
0;13500;KELP;2030;25;;;;;2033;25;;;;;2031.5;70.713623046875
0;13500;RAINFOREST_RESIN;9996;1;9995;24;;;10004;1;10005;24;;;10000.0;244.0
0;13500;SQUID_INK;1974;25;;;;;1978;25;;;;;1976.0;0.0
0;13600;SQUID_INK;1974;26;;;;;1976;3;1977;26;;;1975.0;0.0
0;13600;KELP;2030;26;;;;;2032;3;2033;26;;;2031.0;70.7249755859375
0;13600;RAINFOREST_RESIN;9996;2;9995;24;;;10002;6;10004;2;10005;24;9999.0;244.0
0;13700;RAINFOREST_RESIN;10002;1;9995;28;;;10005;28;;;;;10003.5;244.0
0;13700;SQUID_INK;1974;28;;;;;1977;28;;;;;1975.5;0.0
0;13700;KELP;2030;28;;;;;2034;28;;;;;2032.0;70.9102783203125
0;13800;RAINFOREST_RESIN;9998;1;9995;23;;;10005;23;;;;;10001.5;246.0
0;13800;SQUID_INK;1974;23;;;;;1977;23;;;;;1975.5;0.0
0;13800;KELP;2030;23;;;;;2034;23;;;;;2032.0;70.9708251953125
0;13900;KELP;2030;21;;;;;2031;3;2034;21;;;2030.5;71.0023193359375
0;13900;RAINFOREST_RESIN;9996;1;9995;20;;;10004;1;10005;20;;;10000.0;246.0
0;13900;SQUID_INK;1973;20;;;;;1974;2;1977;21;;;1973.5;0.0
0;14000;SQUID_INK;1975;2;1974;29;;;1978;29;;;;;1976.5;0.0
0;14000;KELP;2031;2;2030;29;;;2034;29;;;;;2032.5;74.0078125
0;14000;RAINFOREST_RESIN;10002;6;9998;1;9996;1;10004;1;10005;28;;;10003.0;246.0
0;14100;RAINFOREST_RESIN;9996;2;9995;20;;;10002;4;10004;2;10005;20;9999.0;258.0
0;14100;SQUID_INK;1976;22;;;;;1979;22;;;;;1977.5;0.0
0;14100;KELP;2030;22;;;;;2034;22;;;;;2032.0;74.091796875
0;14200;RAINFOREST_RESIN;9995;21;;;;;10005;21;;;;;10000.0;258.0
0;14200;SQUID_INK;1976;21;;;;;1979;21;;;;;1977.5;0.0
0;14200;KELP;2030;21;;;;;2034;21;;;;;2032.0;90.39453125
0;14300;KELP;2030;22;;;;;2034;22;;;;;2032.0;90.73828125
0;14300;RAINFOREST_RESIN;9996;1;9995;21;;;10004;1;10005;21;;;10000.0;258.0
0;14300;SQUID_INK;1974;22;;;;;1977;1;1978;21;;;1975.5;0.0
0;14400;SQUID_INK;1976;22;;;;;1979;2;1980;21;;;1977.5;0.0
0;14400;KELP;2030;22;;;;;2034;23;;;;;2032.0;88.8046875
0;14400;RAINFOREST_RESIN;10002;4;9996;2;9995;21;10004;2;10005;21;;;10003.0;258.0
0;14500;RAINFOREST_RESIN;9996;1;9995;28;;;10002;10;10004;1;10005;28;9999.0;272.0
0;14500;SQUID_INK;1976;29;;;;;1978;6;1979;29;;;1977.0;0.0
0;14500;KELP;2030;29;;;;;2032;6;2034;29;;;2031.0;89.28515625
0;14600;RAINFOREST_RESIN;9996;1;9995;27;;;10004;1;10005;27;;;10000.0;272.0
0;14600;SQUID_INK;1976;28;;;;;1977;3;1980;28;;;1976.5;0.0
0;14600;KELP;2030;28;;;;;2031;3;2034;28;;;2030.5;88.63671875
0;14700;KELP;2030;24;;;;;2032;2;2034;24;;;2031.0;89.62890625
0;14700;RAINFOREST_RESIN;9996;1;9995;23;;;10004;1;10005;23;;;10000.0;272.0
0;14700;SQUID_INK;1976;24;;;;;1978;2;1979;24;;;1977.0;0.0
0;14800;SQUID_INK;1977;31;;;;;1979;3;1980;31;;;1978.0;0.0
0;14800;KELP;2030;31;;;;;2032;3;2034;31;;;2031.0;89.05859375
0;14800;RAINFOREST_RESIN;9996;1;9995;30;;;9998;1;10004;1;10005;30;9997.0;272.0
0;14900;RAINFOREST_RESIN;9996;1;9995;25;;;10002;1;10004;1;10005;25;9999.0;274.0
0;14900;SQUID_INK;1978;4;1976;26;;;1980;26;;;;;1979.0;0.0
0;14900;KELP;2032;4;2030;26;;;2034;26;;;;;2033.0;89.0859375
0;15000;RAINFOREST_RESIN;9996;2;9995;25;;;10004;2;10005;25;;;10000.0;274.0
0;15000;SQUID_INK;1977;31;;;;;1980;27;;;;;1978.5;0.0
0;15000;KELP;2031;4;2030;27;;;2034;27;;;;;2032.5;88.93359375
0;15100;KELP;2030;21;;;;;2034;21;;;;;2032.0;89.79296875
0;15100;RAINFOREST_RESIN;9996;1;9995;20;;;9998;1;10004;1;10005;20;9997.0;274.0
0;15100;SQUID_INK;1977;21;;;;;1981;21;;;;;1979.0;0.0
0;15200;SQUID_INK;1978;4;1977;6;1976;21;1980;23;;;;;1979.0;0.0
0;15200;KELP;2031;8;2030;23;;;2034;23;;;;;2032.5;89.13671875
0;15200;RAINFOREST_RESIN;10000;4;9996;2;9995;21;10002;4;10004;2;10005;21;10001.0;276.0
0;15300;RAINFOREST_RESIN;9996;2;9995;22;;;10002;7;10004;2;10005;22;9999.0;276.0
0;15300;SQUID_INK;1976;2;1975;22;;;1977;6;1979;24;;;1976.5;0.0
0;15300;KELP;2030;24;;;;;2032;6;2034;24;;;2031.0;90.125
0;15400;RAINFOREST_RESIN;9995;30;;;;;10005;30;;;;;10000.0;276.0
0;15400;SQUID_INK;1972;30;;;;;1976;30;;;;;1974.0;0.0
0;15400;KELP;2030;30;;;;;2034;30;;;;;2032.0;91.109375
0;15500;KELP;2030;25;;;;;2033;25;;;;;2031.5;82.533203125
0;15500;RAINFOREST_RESIN;9995;25;;;;;9998;11;10005;25;;;9996.5;276.0
0;15500;SQUID_INK;1972;25;;;;;1976;25;;;;;1974.0;0.0
0;15600;SQUID_INK;1972;23;;;;;1976;23;;;;;1974.0;0.0
0;15600;KELP;2030;23;;;;;2033;1;2034;22;;;2031.5;87.73828125
0;15600;RAINFOREST_RESIN;9996;1;9995;22;;;10004;1;10005;22;;;10000.0;298.0
0;15700;RAINFOREST_RESIN;9996;2;9995;28;;;10004;2;10005;28;;;10000.0;298.0
0;15700;SQUID_INK;1972;30;;;;;1974;1;1975;30;;;1973.0;0.0
0;15700;KELP;2030;30;;;;;2032;1;2033;30;;;2031.0;85.173828125
0;15800;RAINFOREST_RESIN;9998;6;9996;2;9995;26;10004;2;10005;26;;;10001.0;298.0
0;15800;SQUID_INK;1973;6;1972;26;;;1976;28;;;;;1974.5;0.0
0;15800;KELP;2030;32;;;;;2033;28;;;;;2031.5;86.1328125
0;15900;KELP;2030;21;;;;;2031;3;2033;21;;;2030.5;85.626953125
0;15900;RAINFOREST_RESIN;9996;1;9995;20;;;10002;8;10004;1;10005;20;9999.0;304.0
0;15900;SQUID_INK;1970;20;;;;;1971;2;1974;21;;;1970.5;0.0
0;16000;SQUID_INK;1968;22;;;;;1970;4;1971;22;;;1969.0;0.0
0;16000;KELP;2030;22;;;;;2032;4;2033;22;;;2031.0;89.12890625
0;16000;RAINFOREST_RESIN;9996;2;9995;20;;;10004;2;10005;20;;;10000.0;304.0
0;16100;RAINFOREST_RESIN;9996;1;9995;26;;;10004;1;10005;26;;;10000.0;304.0
0;16100;SQUID_INK;1969;26;;;;;1970;1;1971;8;1973;27;1969.5;0.0
0;16100;KELP;2030;27;;;;;2031;2;2032;8;2033;27;2030.5;87.0625
0;16200;RAINFOREST_RESIN;9995;27;;;;;10002;4;10005;27;;;9998.5;304.0
0;16200;SQUID_INK;1968;26;;;;;1971;27;;;;;1969.5;0.0
0;16200;KELP;2030;26;;;;;2033;27;;;;;2031.5;85.73828125
0;16300;KELP;2030;22;;;;;2033;22;;;;;2031.5;87.671875
0;16300;RAINFOREST_RESIN;9996;1;9995;21;;;10004;1;10005;21;;;10000.0;304.0
0;16300;SQUID_INK;1967;22;;;;;1970;22;;;;;1968.5;0.0
0;16400;SQUID_INK;1969;27;;;;;1971;7;1973;27;;;1970.0;0.0
0;16400;KELP;2030;27;;;;;2032;7;2033;27;;;2031.0;85.359375
0;16400;RAINFOREST_RESIN;9996;2;9995;25;;;10002;6;10004;2;10005;25;9999.0;310.0
0;16500;RAINFOREST_RESIN;9995;22;;;;;10005;22;;;;;10000.0;310.0
0;16500;SQUID_INK;1968;22;;;;;1970;1;1971;22;;;1969.0;0.0
0;16500;KELP;2030;22;;;;;2032;1;2033;22;;;2031.0;86.3125
0;16600;RAINFOREST_RESIN;9995;26;;;;;10005;26;;;;;10000.0;310.0
0;16600;SQUID_INK;1968;33;;;;;1971;26;;;;;1969.5;0.0
0;16600;KELP;2030;33;;;;;2033;26;;;;;2031.5;81.69921875
0;16700;KELP;2030;25;;;;;2033;25;;;;;2031.5;82.3046875
0;16700;RAINFOREST_RESIN;10002;1;9998;2;9995;25;10005;25;;;;;10003.5;310.0
0;16700;SQUID_INK;1966;25;;;;;1970;25;;;;;1968.0;0.0
0;16800;SQUID_INK;1966;2;1965;27;;;1968;2;1969;25;;;1967.0;0.0
0;16800;KELP;2031;2;2030;27;;;2033;27;;;;;2032.0;84.19140625
0;16800;RAINFOREST_RESIN;10000;2;9996;2;9995;25;10004;2;10005;25;;;10002.0;312.0
0;16900;RAINFOREST_RESIN;9996;2;9995;22;;;10004;2;10005;22;;;10000.0;312.0
0;16900;SQUID_INK;1966;24;;;;;1969;24;;;;;1967.5;0.0
0;16900;KELP;2030;24;;;;;2033;24;;;;;2031.5;83.0546875
0;17000;RAINFOREST_RESIN;9996;1;9995;25;;;10004;1;10005;25;;;10000.0;312.0
0;17000;SQUID_INK;1966;2;1965;25;;;1969;26;;;;;1967.5;0.0
0;17000;KELP;2030;27;;;;;2033;26;;;;;2031.5;82.1328125
0;17100;KELP;2030;27;;;;;2033;27;;;;;2031.5;84.421875
0;17100;RAINFOREST_RESIN;9996;1;9995;26;;;10004;1;10005;26;;;10000.0;312.0
0;17100;SQUID_INK;1964;27;;;;;1968;27;;;;;1966.0;0.0
0;17200;RAINFOREST_RESIN;9996;1;9995;27;;;10004;1;10005;27;;;10000.0;312.0
0;17200;SQUID_INK;1962;5;1961;28;;;1964;28;;;;;1963.0;0.0
0;17200;KELP;2030;33;;;;;2033;28;;;;;2031.5;85.35546875
0;17300;SQUID_INK;1963;28;;;;;1965;6;1966;28;;;1964.0;0.0
0;17300;KELP;2030;28;;;;;2032;6;2033;28;;;2031.0;84.7890625
0;17300;RAINFOREST_RESIN;9996;1;9995;27;;;10004;1;10005;27;;;10000.0;312.0
0;17400;RAINFOREST_RESIN;9995;25;;;;;9998;11;10005;25;;;9996.5;312.0
0;17400;SQUID_INK;1965;3;1964;2;1963;25;1967;25;;;;;1966.0;0.0
0;17400;KELP;2032;3;2030;27;;;2033;25;;;;;2032.5;86.90234375
0;17500;SQUID_INK;1961;28;;;;;1964;28;;;;;1962.5;0.0
0;17500;KELP;2030;28;;;;;2033;28;;;;;2031.5;87.7109375
0;17500;RAINFOREST_RESIN;9996;2;9995;26;;;10004;2;10005;26;;;10000.0;342.0
0;17600;RAINFOREST_RESIN;9996;1;9995;29;;;10004;1;10005;29;;;10000.0;342.0
0;17600;KELP;2030;33;;;;;2033;30;;;;;2031.5;94.0849609375
0;17600;SQUID_INK;1963;4;1962;29;;;1966;30;;;;;1964.5;0.0
0;17700;SQUID_INK;1962;22;;;;;1965;22;;;;;1963.5;0.0
0;17700;KELP;2030;22;;;;;2033;22;;;;;2031.5;94.24951171875
0;17700;RAINFOREST_RESIN;9998;2;9995;22;;;10005;22;;;;;10001.5;342.0
0;17800;SQUID_INK;1963;32;;;;;1965;5;1966;2;1967;30;1964.0;0.0
0;17800;RAINFOREST_RESIN;9996;2;9995;30;;;9998;3;10002;5;10004;2;9997.0;342.0
0;17800;KELP;2030;32;;;;;2032;5;2033;32;;;2031.0;94.268310546875
0;17900;SQUID_INK;1964;1;1963;2;1962;21;1965;21;;;;;1964.5;0.0
0;17900;KELP;2032;1;2031;2;2030;21;2033;21;;;;;2032.5;94.26611328125
0;17900;RAINFOREST_RESIN;9995;21;;;;;9998;1;10002;3;10005;21;9996.5;348.0
0;18000;RAINFOREST_RESIN;9995;24;;;;;10005;24;;;;;10000.0;350.0
0;18000;KELP;2030;24;;;;;2033;24;;;;;2031.5;94.686279296875
0;18000;SQUID_INK;1963;24;;;;;1966;24;;;;;1964.5;0.0
0;18100;SQUID_INK;1965;2;1964;28;;;1968;30;;;;;1966.5;0.0
0;18100;KELP;2030;30;;;;;2033;30;;;;;2031.5;94.6246337890625
0;18100;RAINFOREST_RESIN;9996;2;9995;28;;;10004;2;10005;28;;;10000.0;350.0
0;18200;SQUID_INK;1965;25;;;;;1968;2;1969;23;;;1966.5;0.0
0;18200;RAINFOREST_RESIN;9996;2;9995;23;;;10002;10;10004;2;10005;23;9999.0;350.0
0;18200;KELP;2030;2;2029;23;;;2033;25;;;;;2031.5;95.322265625
0;18300;SQUID_INK;1966;20;;;;;1969;20;;;;;1967.5;0.0
0;18300;KELP;2029;20;;;;;2033;20;;;;;2031.0;94.73046875
0;18300;RAINFOREST_RESIN;9995;20;;;;;10005;20;;;;;10000.0;362.0
0;18400;RAINFOREST_RESIN;9996;1;9995;21;;;10004;1;10005;21;;;10000.0;362.0
0;18400;KELP;2032;1;2029;22;;;2033;22;;;;;2032.5;95.11328125
0;18400;SQUID_INK;1968;1;1966;22;;;1969;22;;;;;1968.5;0.0
0;18500;SQUID_INK;1966;23;;;;;1967;1;1969;23;;;1966.5;0.0
0;18500;KELP;2029;23;;;;;2030;1;2033;23;;;2029.5;95.71875
0;18500;RAINFOREST_RESIN;9996;2;9995;21;;;10004;2;10005;21;;;10000.0;362.0
0;18600;SQUID_INK;1966;13;;;;;1969;22;;;;;1967.5;0.0
0;18600;RAINFOREST_RESIN;9996;1;9995;21;;;10004;1;10005;21;;;10000.0;362.0
0;18600;KELP;2029;22;;;;;2030;9;2033;22;;;2029.5;96.8046875
0;18700;SQUID_INK;1964;30;;;;;1967;30;;;;;1965.5;0.0
0;18700;KELP;2029;30;;;;;2033;30;;;;;2031.0;103.01171875
0;18700;RAINFOREST_RESIN;10002;1;9995;30;;;10005;30;;;;;10003.5;362.0
0;18800;RAINFOREST_RESIN;9995;24;;;;;10002;7;10005;24;;;9998.5;364.0
0;18800;KELP;2029;24;;;;;2033;24;;;;;2031.0;105.73828125
0;18800;SQUID_INK;1963;24;;;;;1966;24;;;;;1964.5;0.0
0;18900;SQUID_INK;1964;7;1963;25;;;1967;25;;;;;1965.5;0.0
0;18900;KELP;2030;7;2029;25;;;2033;25;;;;;2031.5;105.51171875
0;18900;RAINFOREST_RESIN;10002;1;9995;25;;;10005;25;;;;;10003.5;364.0
0;19000;SQUID_INK;1964;31;;;;;1968;31;;;;;1966.0;0.0
0;19000;RAINFOREST_RESIN;9996;1;9995;30;;;10004;1;10005;30;;;10000.0;366.0
0;19000;KELP;2029;31;;;;;2033;31;;;;;2031.0;105.88671875
0;19100;SQUID_INK;1965;23;;;;;1969;23;;;;;1967.0;0.0
0;19100;KELP;2030;2;2029;21;;;2033;23;;;;;2031.5;107.81640625
0;19100;RAINFOREST_RESIN;9996;2;9995;21;;;10004;2;10005;21;;;10000.0;366.0
0;19200;RAINFOREST_RESIN;9995;26;;;;;10002;1;10005;26;;;9998.5;366.0
0;19200;KELP;2029;26;;;;;2033;26;;;;;2031.0;108.69921875
0;19200;SQUID_INK;1966;26;;;;;1969;26;;;;;1967.5;0.0
0;19300;SQUID_INK;1966;25;;;;;1969;25;;;;;1967.5;0.0
0;19300;KELP;2030;2;2029;23;;;2033;25;;;;;2031.5;107.94140625
0;19300;RAINFOREST_RESIN;9996;2;9995;23;;;9998;6;10004;2;10005;23;9997.0;366.0
0;19400;SQUID_INK;1966;26;;;;;1969;26;;;;;1967.5;0.0
0;19400;RAINFOREST_RESIN;9996;2;9995;24;;;10002;5;10004;2;10005;24;9999.0;378.0
0;19400;KELP;2030;2;2029;24;;;2033;26;;;;;2031.5;108.125
0;19500;SQUID_INK;1967;23;;;;;1970;23;;;;;1968.5;0.0
0;19500;KELP;2030;23;;;;;2033;23;;;;;2031.5;111.2109375
0;19500;RAINFOREST_RESIN;9995;23;;;;;10005;23;;;;;10000.0;378.0
0;19600;RAINFOREST_RESIN;10002;1;9998;5;9996;1;10004;1;10005;26;;;10003.0;378.0
0;19600;KELP;2030;27;;;;;2033;27;;;;;2031.5;115.21875
0;19600;SQUID_INK;1967;27;;;;;1970;27;;;;;1968.5;0.0
0;19700;KELP;2030;31;;;;;2033;31;;;;;2031.5;119.6640625
0;19700;SQUID_INK;1968;31;;;;;1972;31;;;;;1970.0;0.0
0;19700;RAINFOREST_RESIN;9996;2;9995;29;;;10004;2;10005;29;;;10000.0;380.0
0;19800;KELP;2030;28;;;;;2033;28;;;;;2031.5;119.302734375
0;19800;SQUID_INK;1968;2;1967;26;;;1971;28;;;;;1969.5;0.0
0;19800;RAINFOREST_RESIN;9996;2;9995;26;;;10004;2;10005;26;;;10000.0;380.0
0;19900;SQUID_INK;1971;23;;;;;1974;23;;;;;1972.5;0.0
0;19900;RAINFOREST_RESIN;9996;1;9995;22;;;9998;1;10004;1;10005;22;9997.0;380.0
0;19900;KELP;2030;23;;;;;2033;23;;;;;2031.5;119.388671875
0;20000;RAINFOREST_RESIN;9995;26;;;;;9998;1;10005;26;;;9996.5;403.0
0;20000;KELP;2030;26;;;;;2032;4;2033;26;;;2031.0;118.845703125
0;20000;SQUID_INK;1971;26;;;;;1973;4;1975;26;;;1972.0;0.0
0;20100;KELP;2030;30;;;;;2032;4;2033;30;;;2031.0;119.5703125
0;20100;SQUID_INK;1969;30;;;;;1971;4;1972;30;;;1970.0;0.0
0;20100;RAINFOREST_RESIN;9996;1;9995;29;;;9998;4;10004;1;10005;29;9997.0;405.0
0;20200;KELP;2030;20;;;;;2033;20;;;;;2031.5;121.349609375
0;20200;SQUID_INK;1970;20;;;;;1973;20;;;;;1971.5;0.0
0;20200;RAINFOREST_RESIN;10002;1;9995;20;;;10005;20;;;;;10003.5;411.0
0;20300;SQUID_INK;1969;24;;;;;1972;24;;;;;1970.5;0.0
0;20300;RAINFOREST_RESIN;10002;4;9995;24;;;10005;24;;;;;10003.5;413.0
0;20300;KELP;2030;24;;;;;2033;24;;;;;2031.5;120.013671875
0;20400;RAINFOREST_RESIN;10002;2;9996;1;9995;27;10004;1;10005;27;;;10003.0;421.0
0;20400;KELP;2030;25;;;;;2033;28;;;;;2031.5;119.455078125
0;20400;SQUID_INK;1970;25;;;;;1973;28;;;;;1971.5;0.0
0;20500;KELP;2030;18;;;;;2033;26;;;;;2031.5;120.716796875
0;20500;SQUID_INK;1969;18;;;;;1972;26;;;;;1970.5;0.0
0;20500;RAINFOREST_RESIN;9998;7;9996;1;9995;25;10004;1;10005;25;;;10001.0;425.0
0;20600;KELP;2030;25;;;;;2033;25;;;;;2031.5;122.111328125
0;20600;SQUID_INK;1970;25;;;;;1973;25;;;;;1971.5;0.0
0;20600;RAINFOREST_RESIN;9996;1;9995;24;;;9998;4;10002;5;10004;1;9997.0;425.0
0;20700;SQUID_INK;1972;2;1971;3;1970;30;1974;30;;;;;1973.0;0.0
0;20700;RAINFOREST_RESIN;9995;30;;;;;10005;30;;;;;10000.0;435.0
0;20700;KELP;2032;2;2030;33;;;2033;30;;;;;2032.5;121.3046875
0;20800;RAINFOREST_RESIN;9996;2;9995;24;;;10004;2;10005;24;;;10000.0;435.0
0;20800;KELP;2030;26;;;;;2033;26;;;;;2031.5;128.830078125
0;20800;SQUID_INK;1970;26;;;;;1973;26;;;;;1971.5;0.0
0;20900;KELP;2030;30;;;;;2033;31;;;;;2031.5;128.673828125
0;20900;SQUID_INK;1972;1;1971;29;;;1975;31;;;;;1973.5;0.0
0;20900;RAINFOREST_RESIN;9996;2;9995;29;;;10004;2;10005;29;;;10000.0;435.0
0;21000;KELP;2030;26;;;;;2033;26;;;;;2031.5;130.662109375
0;21000;SQUID_INK;1972;26;;;;;1975;26;;;;;1973.5;0.0
0;21000;RAINFOREST_RESIN;9996;1;9995;25;;;10004;1;10005;25;;;10000.0;435.0
0;21100;SQUID_INK;1971;28;;;;;1973;2;1975;28;;;1972.0;0.0
0;21100;RAINFOREST_RESIN;9995;28;;;;;10000;2;10005;28;;;9997.5;435.0
0;21100;KELP;2030;28;;;;;2031;2;2033;28;;;2030.5;128.525390625
0;21200;RAINFOREST_RESIN;9995;29;;;;;9998;1;10005;29;;;9996.5;435.0
0;21200;KELP;2032;1;2030;29;;;2033;29;;;;;2032.5;130.8671875
0;21200;SQUID_INK;1974;1;1972;29;;;1975;29;;;;;1974.5;0.0
0;21300;KELP;2030;22;;;;;2032;2;2034;22;;;2031.0;135.77734375
0;21300;SQUID_INK;1975;22;;;;;1977;2;1978;22;;;1976.0;0.0
0;21300;RAINFOREST_RESIN;9995;22;;;;;10005;22;;;;;10000.0;437.0
0;21400;KELP;2031;1;2030;29;;;2034;30;;;;;2032.5;140.26953125
0;21400;SQUID_INK;1975;30;;;;;1978;30;;;;;1976.5;0.0
0;21400;RAINFOREST_RESIN;9996;1;9995;29;;;10004;1;10005;29;;;10000.0;437.0
0;21500;RAINFOREST_RESIN;9996;2;9995;28;;;10004;2;10005;28;;;10000.0;437.0
0;21500;SQUID_INK;1975;23;;;;;1978;30;;;;;1976.5;0.0
0;21500;KELP;2030;30;;;;;2031;7;2034;30;;;2030.5;137.01953125
0;21600;RAINFOREST_RESIN;9998;5;9996;2;9995;20;10004;2;10005;20;;;10001.0;437.0
0;21600;KELP;2030;22;;;;;2034;22;;;;;2032.0;138.859375
0;21600;SQUID_INK;1976;22;;;;;1979;22;;;;;1977.5;0.0
0;21700;KELP;2031;4;2030;27;;;2034;27;;;;;2032.5;140.5078125
0;21700;RAINFOREST_RESIN;9996;2;9995;25;;;10004;2;10005;25;;;10000.0;437.0
0;21700;SQUID_INK;1977;31;;;;;1980;27;;;;;1978.5;0.0
0;21800;KELP;2030;26;;;;;2034;26;;;;;2032.0;140.3203125
0;21800;SQUID_INK;1975;26;;;;;1979;26;;;;;1977.0;0.0
0;21800;RAINFOREST_RESIN;9996;1;9995;25;;;10004;1;10005;25;;;10000.0;437.0
0;21900;RAINFOREST_RESIN;9995;27;;;;;10002;3;10005;27;;;9998.5;437.0
0;21900;SQUID_INK;1976;27;;;;;1980;27;;;;;1978.0;0.0
0;21900;KELP;2030;27;;;;;2034;27;;;;;2032.0;140.91796875
0;22000;RAINFOREST_RESIN;9996;2;9995;20;;;10004;2;10005;20;;;10000.0;437.0
0;22000;SQUID_INK;1977;22;;;;;1980;22;;;;;1978.5;0.0
0;22000;KELP;2030;22;;;;;2034;22;;;;;2032.0;141.9453125
0;22100;KELP;2031;22;;;;;2033;4;2034;22;;;2032.0;147.609375
0;22100;RAINFOREST_RESIN;9995;22;;;;;10005;22;;;;;10000.0;437.0
0;22100;SQUID_INK;1976;22;;;;;1978;4;1979;22;;;1977.0;0.0
0;22200;SQUID_INK;1977;26;;;;;1980;23;;;;;1978.5;0.0
0;22200;KELP;2031;26;;;;;2034;23;;;;;2032.5;147.07421875
0;22200;RAINFOREST_RESIN;10002;1;9995;23;;;10005;23;;;;;10003.5;437.0
0;22300;RAINFOREST_RESIN;9996;2;9995;28;;;10004;2;10005;28;;;10000.0;439.0
0;22300;SQUID_INK;1976;30;;;;;1980;30;;;;;1978.0;0.0
0;22300;KELP;2031;30;;;;;2034;30;;;;;2032.5;146.0703125
0;22400;RAINFOREST_RESIN;9996;1;9995;23;;;10002;2;10004;1;10005;23;9999.0;439.0
0;22400;SQUID_INK;1976;24;;;;;1979;24;;;;;1977.5;0.0
0;22400;KELP;2031;24;;;;;2034;24;;;;;2032.5;147.73046875
0;22500;KELP;2033;1;2031;27;;;2034;27;;;;;2033.5;147.95703125
0;22500;RAINFOREST_RESIN;9998;2;9995;27;;;10005;27;;;;;10001.5;439.0
0;22500;SQUID_INK;1980;1;1977;27;;;1981;27;;;;;1980.5;0.0
0;22600;SQUID_INK;1981;1;1980;4;1979;30;1982;26;;;;;1981.5;0.0
0;22600;KELP;2033;1;2032;4;2031;30;2034;26;;;;;2033.5;147.61328125
0;22600;RAINFOREST_RESIN;9998;5;9996;1;9995;25;10004;1;10005;25;;;10001.0;439.0
0;22700;RAINFOREST_RESIN;9996;1;9995;25;;;10002;9;10004;1;10005;25;9999.0;439.0
0;22700;SQUID_INK;1978;26;;;;;1982;26;;;;;1980.0;0.0
0;22700;KELP;2031;26;;;;;2034;26;;;;;2032.5;146.861328125
0;22800;RAINFOREST_RESIN;10002;1;9996;1;9995;26;10004;1;10005;26;;;10003.0;439.0
0;22800;SQUID_INK;1978;27;;;;;1981;27;;;;;1979.5;0.0
0;22800;KELP;2031;27;;;;;2034;27;;;;;2032.5;147.326171875
0;22900;KELP;2031;22;;;;;2033;4;2034;23;;;2032.0;149.046875
0;22900;RAINFOREST_RESIN;10002;2;9996;1;9995;22;10004;1;10005;22;;;10003.0;447.0
0;22900;SQUID_INK;1978;22;;;;;1980;4;1981;23;;;1979.0;0.0
0;23000;SQUID_INK;1980;1;1978;21;;;1982;21;;;;;1981.0;0.0
0;23000;KELP;2033;1;2031;21;;;2034;21;;;;;2033.5;147.5625
0;23000;RAINFOREST_RESIN;9996;1;9995;20;;;10002;2;10004;1;10005;20;9999.0;451.0
0;23100;RAINFOREST_RESIN;9996;2;9995;26;;;10004;2;10005;26;;;10000.0;451.0
0;23100;SQUID_INK;1979;7;1978;28;;;1982;28;;;;;1980.5;0.0
0;23100;KELP;2031;9;2030;26;;;2034;28;;;;;2032.5;146.146484375
0;23200;RAINFOREST_RESIN;9996;1;9995;24;;;10002;4;10004;1;10005;24;9999.0;451.0
0;23200;SQUID_INK;1978;26;;;;;1981;25;;;;;1979.5;0.0
0;23200;KELP;2031;2;2030;24;;;2034;25;;;;;2032.5;146.7109375
0;23300;KELP;2031;23;;;;;2034;23;;;;;2032.5;147.78515625
0;23300;RAINFOREST_RESIN;9996;2;9995;21;;;10004;2;10005;21;;;10000.0;451.0
0;23300;SQUID_INK;1981;23;;;;;1984;23;;;;;1982.5;0.0
0;23400;SQUID_INK;1980;30;;;;;1983;30;;;;;1981.5;0.0
0;23400;KELP;2031;1;2030;29;;;2034;30;;;;;2032.5;146.599609375
0;23400;RAINFOREST_RESIN;9996;1;9995;29;;;10004;1;10005;29;;;10000.0;451.0
0;23500;RAINFOREST_RESIN;9996;1;9995;30;;;10004;1;10005;30;;;10000.0;451.0
0;23500;SQUID_INK;1981;3;1980;31;;;1983;1;1984;30;;;1982.0;0.0
0;23500;KELP;2031;34;;;;;2034;31;;;;;2032.5;151.2109375
0;23600;RAINFOREST_RESIN;9996;2;9995;25;;;10004;2;10005;25;;;10000.0;451.0
0;23600;SQUID_INK;1981;1;1980;25;;;1984;27;;;;;1982.5;0.0
0;23600;KELP;2031;26;;;;;2034;27;;;;;2032.5;153.06640625
0;23700;KELP;2033;1;2031;21;;;2034;21;;;;;2033.5;155.40234375
0;23700;RAINFOREST_RESIN;9996;1;9995;20;;;10004;1;10005;20;;;10000.0;451.0
0;23700;SQUID_INK;1983;1;1981;1;1980;20;1984;21;;;;;1983.5;0.0
0;23800;SQUID_INK;1983;22;;;;;1986;22;;;;;1984.5;0.0
0;23800;KELP;2031;22;;;;;2034;22;;;;;2032.5;152.1171875
0;23800;RAINFOREST_RESIN;9995;22;;;;;10005;22;;;;;10000.0;451.0
0;23900;RAINFOREST_RESIN;9995;27;;;;;10005;27;;;;;10000.0;451.0
0;23900;SQUID_INK;1982;27;;;;;1986;27;;;;;1984.0;0.0
0;23900;KELP;2031;27;;;;;2034;27;;;;;2032.5;150.57421875
0;24000;RAINFOREST_RESIN;9995;29;;;;;10005;29;;;;;10000.0;451.0
0;24000;SQUID_INK;1984;6;1983;29;;;1987;29;;;;;1985.5;0.0
0;24000;KELP;2031;6;2030;29;;;2034;29;;;;;2032.5;148.26171875
0;24100;KELP;2030;22;;;;;2034;22;;;;;2032.0;144.3046875
0;24100;RAINFOREST_RESIN;9996;2;9995;20;;;10004;2;10005;20;;;10000.0;451.0
0;24100;SQUID_INK;1984;22;;;;;1987;22;;;;;1985.5;0.0
0;24200;SQUID_INK;1984;24;;;;;1986;8;1987;24;;;1985.0;0.0
0;24200;KELP;2030;24;;;;;2032;8;2034;24;;;2031.0;142.98046875
0;24200;RAINFOREST_RESIN;9996;1;9995;23;;;10002;7;10004;1;10005;23;9999.0;451.0
0;24300;RAINFOREST_RESIN;10002;1;9995;27;;;10005;27;;;;;10003.5;451.0
0;24300;SQUID_INK;1984;26;;;;;1986;5;1987;27;;;1985.0;0.0
0;24300;KELP;2030;26;;;;;2032;5;2034;27;;;2031.0;143.90625
0;24400;RAINFOREST_RESIN;9996;1;9995;28;;;10004;1;10005;28;;;10000.0;453.0
0;24400;SQUID_INK;1984;37;;;;;1987;29;;;;;1985.5;0.0
0;24400;KELP;2031;8;2030;29;;;2034;29;;;;;2032.5;143.92578125
0;24500;KELP;2030;26;;;;;2033;2;2034;24;;;2031.5;141.98828125
0;24500;RAINFOREST_RESIN;9996;2;9995;24;;;10002;10;10004;2;10005;24;9999.0;453.0
0;24500;SQUID_INK;1984;2;1983;24;;;1987;26;;;;;1985.5;0.0
0;24600;SQUID_INK;1982;24;;;;;1986;24;;;;;1984.0;0.0
0;24600;KELP;2030;24;;;;;2034;24;;;;;2032.0;145.46875
0;24600;RAINFOREST_RESIN;9996;2;9995;22;;;10002;10;10004;2;10005;22;9999.0;453.0
0;24700;RAINFOREST_RESIN;9996;2;9995;20;;;10004;2;10005;20;;;10000.0;453.0
0;24700;SQUID_INK;1982;22;;;;;1985;2;1986;20;;;1983.5;0.0
0;24700;KELP;2030;22;;;;;2034;22;;;;;2032.0;144.5859375
0;24800;RAINFOREST_RESIN;9995;28;;;;;10005;28;;;;;10000.0;453.0
0;24800;SQUID_INK;1983;28;;;;;1986;28;;;;;1984.5;0.0
0;24800;KELP;2030;28;;;;;2034;28;;;;;2032.0;145.03125
0;24900;KELP;2030;24;;;;;2034;24;;;;;2032.0;145.04296875
0;24900;RAINFOREST_RESIN;9998;7;9995;24;;;10005;24;;;;;10001.5;453.0
0;24900;SQUID_INK;1982;24;;;;;1985;24;;;;;1983.5;0.0
0;25000;SQUID_INK;1980;28;;;;;1983;28;;;;;1981.5;0.0
0;25000;KELP;2030;28;;;;;2034;28;;;;;2032.0;145.23828125
0;25000;RAINFOREST_RESIN;10002;1;9996;1;9995;27;10004;1;10005;27;;;10003.0;453.0
0;25100;RAINFOREST_RESIN;9998;8;9996;1;9995;26;10004;1;10005;26;;;10001.0;455.0
0;25100;SQUID_INK;1981;27;;;;;1984;27;;;;;1982.5;0.0
0;25100;KELP;2031;1;2030;26;;;2034;27;;;;;2032.5;148.52734375
0;25200;RAINFOREST_RESIN;9996;2;9995;24;;;10000;4;10004;2;10005;24;9998.0;455.0
0;25200;SQUID_INK;1980;6;1979;26;;;1981;4;1983;26;;;1980.5;0.0
0;25200;KELP;2031;8;2030;24;;;2032;4;2034;26;;;2031.5;150.33203125
0;25300;KELP;2031;1;2030;21;;;2034;22;;;;;2032.5;149.73046875
0;25300;RAINFOREST_RESIN;9998;9;9996;1;9995;21;10004;1;10005;21;;;10001.0;455.0
0;25300;SQUID_INK;1978;1;1977;21;;;1981;22;;;;;1979.5;0.0
0;25400;SQUID_INK;1978;29;;;;;1981;29;;;;;1979.5;0.0
0;25400;KELP;2030;29;;;;;2034;29;;;;;2032.0;147.8671875
0;25400;RAINFOREST_RESIN;10002;3;9996;2;9995;27;10004;2;10005;27;;;10003.0;455.0
0;25500;RAINFOREST_RESIN;9996;1;9995;23;;;10004;1;10005;23;;;10000.0;461.0
0;25500;SQUID_INK;1977;24;;;;;1979;6;1980;1;1981;23;1978.0;0.0
0;25500;KELP;2030;24;;;;;2032;6;2034;24;;;2031.0;147.38671875
0;25600;RAINFOREST_RESIN;9995;24;;;;;10005;24;;;;;10000.0;461.0
0;25600;SQUID_INK;1977;24;;;;;1979;6;1981;24;;;1978.0;0.0
0;25600;KELP;2030;24;;;;;2032;6;2034;24;;;2031.0;147.12890625
0;25700;KELP;2031;1;2030;24;;;2034;25;;;;;2032.5;148.546875
0;25700;RAINFOREST_RESIN;9996;1;9995;24;;;10004;1;10005;24;;;10000.0;461.0
0;25700;SQUID_INK;1977;25;;;;;1980;25;;;;;1978.5;0.0
0;25800;SQUID_INK;1979;29;;;;;1982;29;;;;;1980.5;0.0
0;25800;KELP;2031;29;;;;;2034;29;;;;;2032.5;151.328125
0;25800;RAINFOREST_RESIN;10002;1;9996;2;9995;27;10004;2;10005;27;;;10003.0;461.0
0;25900;SQUID_INK;1979;2;1978;27;;;1982;29;;;;;1980.5;0.0
0;25900;KELP;2031;2;2030;27;;;2034;29;;;;;2032.5;150.046875
0;25900;RAINFOREST_RESIN;9996;2;9995;27;;;10004;2;10005;27;;;10000.0;463.0
0;26000;RAINFOREST_RESIN;9995;27;;;;;10005;27;;;;;10000.0;469.0
0;26000;SQUID_INK;1978;1;1976;27;;;1979;27;;;;;1978.5;0.0
0;26000;KELP;2033;1;2031;27;;;2034;27;;;;;2033.5;152.55859375
0;26100;KELP;2033;1;2031;27;;;2034;25;;;;;2033.5;154.76953125
0;26100;RAINFOREST_RESIN;10002;1;9998;3;9996;1;10004;1;10005;24;;;10003.0;469.0
0;26100;SQUID_INK;1978;1;1976;27;;;1979;25;;;;;1978.5;0.0
0;26200;RAINFOREST_RESIN;10002;1;9996;2;9995;27;10004;2;10005;27;;;10003.0;471.0
0;26200;SQUID_INK;1976;29;;;;;1980;29;;;;;1978.0;0.0
0;26200;KELP;2031;29;;;;;2034;29;;;;;2032.5;158.1484375
0;26300;SQUID_INK;1978;25;;;;;1981;1;1982;25;;;1979.5;0.0
0;26300;KELP;2031;25;;;;;2034;26;;;;;2032.5;159.9765625
0;26300;RAINFOREST_RESIN;9996;1;9995;25;;;10002;1;10004;1;10005;25;9999.0;473.0
0;26400;SQUID_INK;1974;27;;;;;1977;27;;;;;1975.5;0.0
0;26400;RAINFOREST_RESIN;9995;27;;;;;10005;27;;;;;10000.0;473.0
0;26400;KELP;2031;27;;;;;2034;27;;;;;2032.5;157.015625
0;26500;SQUID_INK;1978;22;;;;;1982;22;;;;;1980.0;0.0
0;26500;KELP;2031;22;;;;;2034;22;;;;;2032.5;157.17578125
0;26500;RAINFOREST_RESIN;9996;1;9995;21;;;10004;1;10005;21;;;10000.0;473.0
0;26600;RAINFOREST_RESIN;9996;2;9995;29;;;9998;4;10004;2;10005;29;9997.0;473.0
0;26600;KELP;2031;31;;;;;2034;31;;;;;2032.5;156.921875
0;26600;SQUID_INK;1976;31;;;;;1979;31;;;;;1977.5;0.0
0;26700;SQUID_INK;1977;1;1975;8;1974;26;1978;26;;;;;1977.5;0.0
0;26700;KELP;2033;1;2031;34;;;2034;26;;;;;2033.5;159.81640625
0;26700;RAINFOREST_RESIN;9995;26;;;;;10005;26;;;;;10000.0;481.0
0;26800;SQUID_INK;1970;20;;;;;1974;20;;;;;1972.0;0.0
0;26800;RAINFOREST_RESIN;10002;1;9998;7;9995;20;10005;20;;;;;10003.5;481.0
0;26800;KELP;2031;20;;;;;2034;20;;;;;2032.5;160.78125
0;26900;SQUID_INK;1968;22;;;;;1971;22;;;;;1969.5;0.0
0;26900;KELP;2031;22;;;;;2034;22;;;;;2032.5;160.28125
0;26900;RAINFOREST_RESIN;9995;22;;;;;10005;22;;;;;10000.0;483.0
0;27000;RAINFOREST_RESIN;9998;2;9996;1;9995;26;10004;1;10005;26;;;10001.0;483.0
0;27000;KELP;2031;27;;;;;2033;6;2034;27;;;2032.0;158.6875
0;27000;SQUID_INK;1970;27;;;;;1972;6;1974;27;;;1971.0;0.0
0;27100;SQUID_INK;1971;1;1969;29;;;1972;2;1973;27;;;1971.5;0.0
0;27100;KELP;2033;1;2031;29;;;2034;29;;;;;2033.5;158.0078125
0;27100;RAINFOREST_RESIN;9996;2;9995;27;;;9998;1;10002;10;10004;2;9997.0;483.0
0;27200;SQUID_INK;1970;1;1969;7;1968;25;1971;25;;;;;1970.5;0.0
0;27200;RAINFOREST_RESIN;9998;3;9996;2;9995;23;10004;2;10005;23;;;10001.0;485.0
0;27200;KELP;2033;1;2031;32;;;2034;25;;;;;2033.5;159.52734375
0;27300;SQUID_INK;1968;24;;;;;1971;25;;;;;1969.5;0.0
0;27300;KELP;2031;24;;;;;2034;25;;;;;2032.5;160.345703125
0;27300;RAINFOREST_RESIN;9995;25;;;;;10002;8;10005;25;;;9998.5;485.0
0;27400;RAINFOREST_RESIN;9996;1;9995;22;;;9998;3;10004;1;10005;22;9997.0;485.0
0;27400;KELP;2032;6;2031;23;;;2034;23;;;;;2033.0;160.021484375
0;27400;SQUID_INK;1969;6;1968;23;;;1971;23;;;;;1970.0;0.0
0;27500;SQUID_INK;1967;30;;;;;1970;30;;;;;1968.5;0.0
0;27500;KELP;2031;30;;;;;2034;30;;;;;2032.5;157.57421875
0;27500;RAINFOREST_RESIN;9995;30;;;;;10005;30;;;;;10000.0;491.0
0;27600;SQUID_INK;1969;1;1967;34;;;1970;28;;;;;1969.5;0.0
0;27600;RAINFOREST_RESIN;9996;2;9995;26;;;10002;4;10004;2;10005;26;9999.0;491.0
0;27600;KELP;2033;1;2031;34;;;2034;28;;;;;2033.5;157.568359375
0;27700;SQUID_INK;1968;32;;;;;1971;32;;;;;1969.5;0.0
0;27700;KELP;2031;32;;;;;2034;32;;;;;2032.5;157.8935546875
0;27700;RAINFOREST_RESIN;9996;2;9995;30;;;10004;2;10005;30;;;10000.0;491.0
0;27800;RAINFOREST_RESIN;9998;2;9996;2;9995;20;10004;2;10005;20;;;10001.0;491.0
0;27800;KELP;2031;27;;;;;2034;22;;;;;2032.5;156.9638671875
0;27800;SQUID_INK;1970;7;1969;20;;;1973;22;;;;;1971.5;0.0
0;27900;SQUID_INK;1970;29;;;;;1972;8;1973;29;;;1971.0;0.0
0;27900;KELP;2031;29;;;;;2033;8;2034;29;;;2032.0;157.37890625
0;27900;RAINFOREST_RESIN;9995;29;;;;;10005;29;;;;;10000.0;491.0
0;28000;SQUID_INK;1971;26;;;;;1974;22;;;;;1972.5;0.0
0;28000;RAINFOREST_RESIN;9995;22;;;;;10005;22;;;;;10000.0;491.0
0;28000;KELP;2031;26;;;;;2034;22;;;;;2032.5;158.349609375
0;28100;SQUID_INK;1971;21;;;;;1974;21;;;;;1972.5;0.0
0;28100;KELP;2031;21;;;;;2034;21;;;;;2032.5;157.951171875
0;28100;RAINFOREST_RESIN;9996;1;9995;20;;;10004;1;10005;20;;;10000.0;491.0
0;28200;RAINFOREST_RESIN;9995;23;;;;;10005;23;;;;;10000.0;497.0
0;28200;KELP;2031;23;;;;;2034;23;;;;;2032.5;157.6337890625
0;28200;SQUID_INK;1970;23;;;;;1974;23;;;;;1972.0;0.0
0;28300;SQUID_INK;1971;30;;;;;1974;2;1975;28;;;1972.5;0.0
0;28300;KELP;2031;30;;;;;2034;30;;;;;2032.5;158.1923828125
0;28300;RAINFOREST_RESIN;9996;2;9995;28;;;10004;2;10005;28;;;10000.0;497.0
0;28400;SQUID_INK;1971;20;;;;;1975;20;;;;;1973.0;0.0
0;28400;RAINFOREST_RESIN;9995;20;;;;;10002;8;10005;20;;;9998.5;497.0
0;28400;KELP;2031;20;;;;;2034;20;;;;;2032.5;158.4267578125
0;28500;SQUID_INK;1971;5;1970;28;;;1974;30;;;;;1972.5;0.0
0;28500;KELP;2031;33;;;;;2034;30;;;;;2032.5;158.7451171875
0;28500;RAINFOREST_RESIN;9996;2;9995;28;;;10004;2;10005;28;;;10000.0;497.0
0;28600;RAINFOREST_RESIN;9996;2;9995;26;;;10000;5;10002;5;10004;2;9998.0;497.0
0;28600;KELP;2031;27;;;;;2032;5;2034;28;;;2031.5;157.8388671875
0;28600;SQUID_INK;1971;27;;;;;1972;5;1974;28;;;1971.5;0.0
0;28700;KELP;2031;23;;;;;2034;24;;;;;2032.5;156.8828125
0;28700;SQUID_INK;1971;23;;;;;1974;24;;;;;1972.5;0.0
0;28700;RAINFOREST_RESIN;9998;8;9996;2;9995;22;10004;2;10005;22;;;10001.0;497.0
0;28800;KELP;2031;21;;;;;2034;21;;;;;2032.5;157.666015625
0;28800;SQUID_INK;1970;21;;;;;1973;21;;;;;1971.5;0.0
0;28800;RAINFOREST_RESIN;9995;21;;;;;10002;8;10005;21;;;9998.5;497.0
0;28900;SQUID_INK;1971;1;1970;23;;;1974;23;;;;;1972.5;0.0
0;28900;RAINFOREST_RESIN;9996;1;9995;22;;;10002;5;10004;1;10005;22;9999.0;497.0
0;28900;KELP;2031;24;;;;;2034;23;;;;;2032.5;157.279296875
0;29000;RAINFOREST_RESIN;10002;1;9996;2;9995;24;10004;2;10005;24;;;10003.0;497.0
0;29000;KELP;2031;26;;;;;2034;26;;;;;2032.5;156.8984375
0;29000;SQUID_INK;1970;26;;;;;1973;26;;;;;1971.5;0.0
0;29100;KELP;2030;23;;;;;2034;23;;;;;2032.0;154.14453125
0;29100;SQUID_INK;1971;23;;;;;1974;23;;;;;1972.5;0.0
0;29100;RAINFOREST_RESIN;9995;23;;;;;10002;2;10005;23;;;9998.5;499.0
0;29200;KELP;2031;1;2030;22;;;2034;23;;;;;2032.5;155.580078125
0;29200;SQUID_INK;1970;23;;;;;1973;23;;;;;1971.5;0.0
0;29200;RAINFOREST_RESIN;9996;1;9995;22;;;10004;1;10005;22;;;10000.0;499.0
0;29300;SQUID_INK;1972;23;;;;;1975;23;;;;;1973.5;0.0
0;29300;RAINFOREST_RESIN;9996;1;9995;22;;;10004;1;10005;22;;;10000.0;499.0
0;29300;KELP;2030;23;;;;;2034;23;;;;;2032.0;154.662109375
0;29400;RAINFOREST_RESIN;9996;2;9995;23;;;10002;4;10004;2;10005;23;9999.0;499.0
0;29400;KELP;2030;25;;;;;2033;2;2034;23;;;2031.5;152.169921875
0;29400;SQUID_INK;1970;25;;;;;1974;25;;;;;1972.0;0.0
0;29500;KELP;2030;19;;;;;2033;20;;;;;2031.5;150.580078125
0;29500;SQUID_INK;1970;19;;;;;1973;20;;;;;1971.5;0.0
0;29500;RAINFOREST_RESIN;9998;6;9995;20;;;10005;20;;;;;10001.5;499.0
0;29600;KELP;2030;27;;;;;2031;4;2033;1;2034;26;2030.5;151.341796875
0;29600;SQUID_INK;1970;27;;;;;1971;4;1973;27;;;1970.5;0.0
0;29600;RAINFOREST_RESIN;9996;1;9995;26;;;10000;4;10004;1;10005;26;9998.0;499.0
0;29700;SQUID_INK;1970;23;;;;;1972;8;1973;23;;;1971.0;0.0
0;29700;RAINFOREST_RESIN;9996;1;9995;22;;;10002;7;10004;1;10005;22;9999.0;499.0
0;29700;KELP;2030;23;;;;;2032;8;2033;1;2034;22;2031.0;155.90234375
0;29800;RAINFOREST_RESIN;9995;25;;;;;10005;25;;;;;10000.0;499.0
0;29800;KELP;2032;1;2030;29;;;2034;25;;;;;2033.0;154.69140625
0;29800;SQUID_INK;1971;1;1970;4;1969;25;1972;25;;;;;1971.5;0.0
0;29900;KELP;2030;32;;;;;2034;32;;;;;2032.0;156.828125
0;29900;SQUID_INK;1968;32;;;;;1972;32;;;;;1970.0;0.0
0;29900;RAINFOREST_RESIN;9996;2;9995;30;;;10004;2;10005;30;;;10000.0;519.0
0;30000;KELP;2031;4;2030;25;;;2034;25;;;;;2032.5;172.9453125
0;30000;SQUID_INK;1968;4;1967;25;;;1970;2;1971;23;;;1969.0;0.0
0;30000;RAINFOREST_RESIN;9998;10;9996;2;9995;23;10004;2;10005;23;;;10001.0;519.0
0;30100;SQUID_INK;1968;21;;;;;1971;21;;;;;1969.5;0.0
0;30100;RAINFOREST_RESIN;9996;1;9995;20;;;10004;1;10005;20;;;10000.0;519.0
0;30100;KELP;2030;21;;;;;2033;1;2034;20;;;2031.5;172.8017578125
0;30200;RAINFOREST_RESIN;9996;2;9995;28;;;9998;1;10002;8;10004;2;9997.0;519.0
0;30200;KELP;2030;30;;;;;2033;2;2034;28;;;2031.5;172.865966796875
0;30200;SQUID_INK;1967;2;1966;28;;;1970;30;;;;;1968.5;0.0
0;30300;KELP;2030;31;;;;;2032;1;2033;31;;;2031.0;172.7535400390625
0;30300;SQUID_INK;1968;31;;;;;1970;1;1971;31;;;1969.0;0.0
0;30300;RAINFOREST_RESIN;10002;4;9996;2;9995;29;10004;2;10005;29;;;10003.0;521.0
0;30400;KELP;2032;2;2030;30;;;2033;30;;;;;2032.5;172.7406005859375
0;30400;SQUID_INK;1968;2;1966;30;;;1969;30;;;;;1968.5;0.0
0;30400;RAINFOREST_RESIN;9995;30;;;;;10005;30;;;;;10000.0;529.0
0;30500;RAINFOREST_RESIN;9996;2;9995;28;;;10004;2;10005;28;;;10000.0;529.0
0;30500;SQUID_INK;1962;35;;;;;1965;30;;;;;1963.5;0.0
0;30500;KELP;2030;35;;;;;2033;30;;;;;2031.5;173.402587890625
0;30600;RAINFOREST_RESIN;10002;1;9996;2;9995;30;10004;2;10005;30;;;10003.0;529.0
0;30600;KELP;2030;32;;;;;2032;7;2033;32;;;2031.0;173.4140625
0;30600;SQUID_INK;1964;32;;;;;1966;7;1967;32;;;1965.0;0.0
0;30700;KELP;2030;29;;;;;2033;29;;;;;2031.5;173.0
0;30700;RAINFOREST_RESIN;9996;2;9995;27;;;10004;2;10005;27;;;10000.0;543.0
0;30700;SQUID_INK;1960;29;;;;;1963;29;;;;;1961.5;0.0
0;30800;SQUID_INK;1963;2;1962;29;;;1966;31;;;;;1964.5;0.0
0;30800;KELP;2030;31;;;;;2033;31;;;;;2031.5;173.0
0;30800;RAINFOREST_RESIN;9998;8;9996;2;9995;29;10004;2;10005;29;;;10001.0;543.0
0;30900;RAINFOREST_RESIN;9995;21;;;;;10005;21;;;;;10000.0;543.0
0;30900;SQUID_INK;1961;21;;;;;1963;7;1965;21;;;1962.0;0.0
0;30900;KELP;2030;21;;;;;2032;7;2033;21;;;2031.0;173.0
0;31000;RAINFOREST_RESIN;9996;2;9995;26;;;10002;2;10004;2;10005;26;9999.0;543.0
0;31000;SQUID_INK;1964;6;1962;28;;;1966;28;;;;;1965.0;0.0
0;31000;KELP;2032;6;2030;28;;;2033;28;;;;;2032.5;173.0
0;31100;KELP;2030;14;;;;;2033;23;;;;;2031.5;175.1826171875
0;31100;RAINFOREST_RESIN;10002;1;9995;23;;;10005;23;;;;;10003.5;543.0
0;31100;SQUID_INK;1961;23;;;;;1962;9;1965;23;;;1961.5;0.0
0;31200;SQUID_INK;1963;21;;;;;1965;8;1966;1;1967;21;1964.0;0.0
0;31200;KELP;2030;21;;;;;2032;8;2033;22;;;2031.0;174.9541015625
0;31200;RAINFOREST_RESIN;9996;1;9995;21;;;10002;6;10004;1;10005;21;9999.0;545.0
0;31300;RAINFOREST_RESIN;9996;2;9995;20;;;10004;2;10005;20;;;10000.0;557.0
0;31300;SQUID_INK;1963;22;;;;;1966;22;;;;;1964.5;0.0
0;31300;KELP;2030;22;;;;;2033;22;;;;;2031.5;173.0
0;31400;RAINFOREST_RESIN;9995;22;;;;;10005;22;;;;;10000.0;557.0
0;31400;SQUID_INK;1962;22;;;;;1965;22;;;;;1963.5;0.0
0;31400;KELP;2030;22;;;;;2033;22;;;;;2031.5;173.0
0;31500;KELP;2030;22;;;;;2033;22;;;;;2031.5;173.0
0;31500;RAINFOREST_RESIN;9996;1;9995;21;;;10004;1;10005;21;;;10000.0;557.0
0;31500;SQUID_INK;1964;22;;;;;1967;1;1968;21;;;1965.5;0.0
0;31600;SQUID_INK;1963;24;;;;;1967;24;;;;;1965.0;0.0
0;31600;KELP;2030;24;;;;;2033;24;;;;;2031.5;173.0
0;31600;RAINFOREST_RESIN;9995;24;;;;;9998;3;10005;24;;;9996.5;557.0
0;31700;RAINFOREST_RESIN;9995;29;;;;;10002;3;10005;29;;;9998.5;563.0
0;31700;SQUID_INK;1963;29;;;;;1966;29;;;;;1964.5;0.0
0;31700;KELP;2030;29;;;;;2033;29;;;;;2031.5;173.0
0;31800;RAINFOREST_RESIN;9996;2;9995;22;;;10002;2;10004;2;10005;22;9999.0;575.0
0;31800;SQUID_INK;1964;2;1963;24;;;1966;24;;;;;1965.0;0.0
0;31800;KELP;2032;2;2030;24;;;2033;24;;;;;2032.5;173.0
0;31900;KELP;2030;34;;;;;2033;28;;;;;2031.5;173.5830078125
0;31900;RAINFOREST_RESIN;9996;2;9995;26;;;10004;2;10005;26;;;10000.0;575.0
0;31900;SQUID_INK;1965;6;1964;28;;;1968;28;;;;;1966.5;0.0
0;32000;SQUID_INK;1962;22;;;;;1965;22;;;;;1963.5;0.0
0;32000;KELP;2030;22;;;;;2033;22;;;;;2031.5;173.790771484375
0;32000;RAINFOREST_RESIN;9996;2;9995;20;;;10002;10;10004;2;10005;20;9999.0;575.0
0;32100;RAINFOREST_RESIN;9998;9;9995;25;;;10005;25;;;;;10001.5;575.0
0;32100;SQUID_INK;1962;25;;;;;1965;25;;;;;1963.5;0.0
0;32100;KELP;2030;25;;;;;2033;25;;;;;2031.5;173.753662109375
0;32200;RAINFOREST_RESIN;9996;1;9995;24;;;10002;5;10004;1;10005;24;9999.0;575.0
0;32200;SQUID_INK;1961;25;;;;;1964;25;;;;;1962.5;0.0
0;32200;KELP;2030;25;;;;;2033;25;;;;;2031.5;175.0
0;32300;KELP;2031;3;2030;32;;;2033;32;;;;;2032.0;175.0
0;32300;RAINFOREST_RESIN;10000;3;9996;2;9995;30;10004;2;10005;30;;;10002.0;575.0
0;32300;SQUID_INK;1960;3;1959;32;;;1962;32;;;;;1961.0;0.0
0;32400;SQUID_INK;1958;29;;;;;1962;29;;;;;1960.0;0.0
0;32400;KELP;2029;29;;;;;2033;29;;;;;2031.0;175.0
0;32400;RAINFOREST_RESIN;9998;2;9995;29;;;10005;29;;;;;10001.5;575.0
0;32500;RAINFOREST_RESIN;10002;1;9996;2;9995;24;10004;2;10005;24;;;10003.0;575.0
0;32500;SQUID_INK;1959;27;;;;;1962;26;;;;;1960.5;0.0
0;32500;KELP;2030;1;2029;26;;;2033;26;;;;;2031.5;175.0
0;32600;RAINFOREST_RESIN;9998;1;9996;2;9995;26;10004;2;10005;26;;;10001.0;577.0
0;32600;SQUID_INK;1958;28;;;;;1961;2;1962;26;;;1959.5;0.0
0;32600;KELP;2029;28;;;;;2033;28;;;;;2031.0;184.400390625
0;32700;KELP;2029;32;;;;;2032;32;;;;;2030.5;186.158203125
0;32700;RAINFOREST_RESIN;9996;2;9995;30;;;10004;2;10005;30;;;10000.0;577.0
0;32700;SQUID_INK;1958;32;;;;;1961;32;;;;;1959.5;0.0
0;32800;SQUID_INK;1957;29;;;;;1960;29;;;;;1958.5;0.0
0;32800;KELP;2029;29;;;;;2033;29;;;;;2031.0;184.142578125
0;32800;RAINFOREST_RESIN;9995;29;;;;;10005;29;;;;;10000.0;577.0
0;32900;RAINFOREST_RESIN;9996;1;9995;20;;;10002;10;10004;1;10005;20;9999.0;577.0
0;32900;SQUID_INK;1956;21;;;;;1960;21;;;;;1958.0;0.0
0;32900;KELP;2030;21;;;;;2033;21;;;;;2031.5;180.1953125
0;33000;RAINFOREST_RESIN;9998;2;9995;28;;;10005;28;;;;;10001.5;577.0
0;33000;SQUID_INK;1956;28;;;;;1958;4;1959;28;;;1957.0;0.0
0;33000;KELP;2030;28;;;;;2032;4;2033;28;;;2031.0;181.748046875
0;33100;KELP;2030;26;;;;;2033;26;;;;;2031.5;178.5380859375
0;33100;RAINFOREST_RESIN;9996;1;9995;25;;;10004;1;10005;25;;;10000.0;577.0
0;33100;SQUID_INK;1955;26;;;;;1958;26;;;;;1956.5;0.0
0;33200;SQUID_INK;1955;24;;;;;1957;5;1958;24;;;1956.0;0.0
0;33200;KELP;2030;24;;;;;2032;5;2033;24;;;2031.0;178.0849609375
0;33200;RAINFOREST_RESIN;9996;1;9995;23;;;10004;1;10005;23;;;10000.0;577.0
0;33300;RAINFOREST_RESIN;9996;1;9995;30;;;10002;1;10004;1;10005;30;9999.0;577.0
0;33300;SQUID_INK;1954;31;;;;;1957;1;1958;30;;;1955.5;0.0
0;33300;KELP;2030;31;;;;;2033;31;;;;;2031.5;175.0
0;33400;RAINFOREST_RESIN;9995;20;;;;;10005;20;;;;;10000.0;577.0
0;33400;SQUID_INK;1955;20;;;;;1957;2;1958;20;;;1956.0;0.0
0;33400;KELP;2030;20;;;;;2032;2;2033;20;;;2031.0;175.0
0;33500;KELP;2030;23;;;;;2033;23;;;;;2031.5;175.0
0;33500;RAINFOREST_RESIN;9996;2;9995;21;;;10002;4;10004;2;10005;21;9999.0;577.0
0;33500;SQUID_INK;1955;23;;;;;1958;23;;;;;1956.5;0.0
0;33600;SQUID_INK;1955;27;;;;;1958;27;;;;;1956.5;0.0
0;33600;KELP;2030;27;;;;;2033;27;;;;;2031.5;175.0
0;33600;RAINFOREST_RESIN;9995;27;;;;;9998;2;10005;27;;;9996.5;577.0
0;33700;RAINFOREST_RESIN;9996;1;9995;25;;;10004;1;10005;25;;;10000.0;581.0
0;33700;SQUID_INK;1957;26;;;;;1959;6;1960;26;;;1958.0;0.0
0;33700;KELP;2030;26;;;;;2032;6;2033;26;;;2031.0;175.0
0;33800;RAINFOREST_RESIN;9995;21;;;;;10002;4;10005;21;;;9998.5;581.0
0;33800;SQUID_INK;1957;21;;;;;1960;21;;;;;1958.5;0.0
0;33800;KELP;2029;21;;;;;2033;21;;;;;2031.0;175.0
0;33900;KELP;2029;28;;;;;2033;28;;;;;2031.0;175.0
0;33900;RAINFOREST_RESIN;9996;1;9995;27;;;10004;1;10005;27;;;10000.0;581.0
0;33900;SQUID_INK;1956;28;;;;;1959;28;;;;;1957.5;0.0
0;34000;SQUID_INK;1959;1;1957;2;1956;28;1960;30;;;;;1959.5;0.0
0;34000;KELP;2032;1;2029;30;;;2033;30;;;;;2032.5;175.0
0;34000;RAINFOREST_RESIN;9996;2;9995;28;;;10004;2;10005;28;;;10000.0;617.0
0;34100;RAINFOREST_RESIN;9996;2;9995;25;;;10004;2;10005;25;;;10000.0;617.0
0;34100;SQUID_INK;1957;27;;;;;1960;27;;;;;1958.5;0.0
0;34100;KELP;2029;27;;;;;2033;27;;;;;2031.0;175.9256591796875
0;34200;RAINFOREST_RESIN;9996;2;9995;30;;;10002;2;10004;2;10005;30;9999.0;617.0
0;34200;SQUID_INK;1957;32;;;;;1960;32;;;;;1958.5;0.0
0;34200;KELP;2029;32;;;;;2033;32;;;;;2031.0;176.0184326171875
0;34300;KELP;2029;28;;;;;2033;29;;;;;2031.0;175.8758544921875
0;34300;RAINFOREST_RESIN;9996;1;9995;28;;;10004;1;10005;28;;;10000.0;617.0
0;34300;SQUID_INK;1957;28;;;;;1960;29;;;;;1958.5;0.0
0;34400;SQUID_INK;1957;30;;;;;1960;30;;;;;1958.5;0.0
0;34400;KELP;2030;30;;;;;2033;30;;;;;2031.5;175.76611328125
0;34400;RAINFOREST_RESIN;9996;2;9995;28;;;10004;2;10005;28;;;10000.0;617.0
0;34500;RAINFOREST_RESIN;9996;2;9995;22;;;10004;2;10005;22;;;10000.0;617.0
0;34500;SQUID_INK;1957;2;1956;22;;;1960;24;;;;;1958.5;0.0
0;34500;KELP;2030;24;;;;;2033;24;;;;;2031.5;175.683349609375
0;34600;RAINFOREST_RESIN;9995;24;;;;;10005;24;;;;;10000.0;617.0
0;34600;SQUID_INK;1957;24;;;;;1960;24;;;;;1958.5;0.0
0;34600;KELP;2030;24;;;;;2033;24;;;;;2031.5;175.6317138671875
0;34700;KELP;2030;9;2029;23;;;2033;25;;;;;2031.5;188.0234375
0;34700;RAINFOREST_RESIN;9996;2;9995;23;;;10004;2;10005;23;;;10000.0;617.0
0;34700;SQUID_INK;1959;7;1958;25;;;1962;25;;;;;1960.5;0.0
0;34800;RAINFOREST_RESIN;9998;3;9996;2;9995;22;10004;2;10005;22;;;10001.0;617.0
0;34800;SQUID_INK;1958;24;;;;;1959;10;1962;24;;;1958.5;0.0
0;34800;KELP;2029;24;;;;;2030;10;2033;24;;;2029.5;189.876953125
0;34900;SQUID_INK;1959;24;;;;;1962;24;;;;;1960.5;0.0
0;34900;KELP;2029;24;;;;;2033;24;;;;;2031.0;199.7646484375
0;34900;RAINFOREST_RESIN;9995;24;;;;;10005;24;;;;;10000.0;617.0
0;35000;RAINFOREST_RESIN;9995;29;;;;;10005;29;;;;;10000.0;617.0
0;35000;SQUID_INK;1959;29;;;;;1962;29;;;;;1960.5;0.0
0;35000;KELP;2029;29;;;;;2033;29;;;;;2031.0;199.451171875
0;35100;KELP;2030;23;;;;;2033;23;;;;;2031.5;197.6728515625
0;35100;RAINFOREST_RESIN;9996;2;9995;21;;;10004;2;10005;21;;;10000.0;617.0
0;35100;SQUID_INK;1958;2;1957;21;;;1961;23;;;;;1959.5;0.0
0;35200;RAINFOREST_RESIN;9995;24;;;;;10005;24;;;;;10000.0;617.0
0;35200;SQUID_INK;1958;24;;;;;1960;3;1961;24;;;1959.0;0.0
0;35200;KELP;2030;24;;;;;2032;3;2033;24;;;2031.0;196.8388671875
0;35300;SQUID_INK;1960;8;1959;23;;;1962;1;1963;22;;;1961.0;0.0
0;35300;KELP;2031;8;2030;23;;;2033;1;2034;22;;;2032.0;195.34912109375
0;35300;RAINFOREST_RESIN;9998;8;9996;1;9995;22;10004;1;10005;22;;;10001.0;617.0
0;35400;SQUID_INK;1957;27;;;;;1960;27;;;;;1958.5;0.0
0;35400;RAINFOREST_RESIN;10002;1;9996;2;9995;25;10004;2;10005;25;;;10003.0;617.0
0;35400;KELP;2030;27;;;;;2033;27;;;;;2031.5;195.531494140625
0;35500;SQUID_INK;1958;2;1957;27;;;1961;29;;;;;1959.5;0.0
0;35500;KELP;2030;29;;;;;2033;2;2034;27;;;2031.5;195.38720703125
0;35500;RAINFOREST_RESIN;9996;2;9995;27;;;10004;2;10005;27;;;10000.0;623.0
0;35600;RAINFOREST_RESIN;9996;1;9995;23;;;10002;3;10004;1;10005;23;9999.0;623.0
0;35600;KELP;2030;24;;;;;2033;1;2034;23;;;2031.5;195.38720703125
0;35600;SQUID_INK;1957;24;;;;;1960;24;;;;;1958.5;0.0
0;35700;SQUID_INK;1956;31;;;;;1960;31;;;;;1958.0;0.0
0;35700;KELP;2030;31;;;;;2033;2;2034;29;;;2031.5;195.34375
0;35700;RAINFOREST_RESIN;9996;2;9995;29;;;10002;9;10004;2;10005;29;9999.0;623.0
0;35800;SQUID_INK;1957;29;;;;;1960;23;;;;;1958.5;0.0
0;35800;RAINFOREST_RESIN;9996;2;9995;21;;;10004;2;10005;21;;;10000.0;623.0
0;35800;KELP;2031;6;2030;23;;;2033;2;2034;21;;;2032.0;205.595703125
0;35900;SQUID_INK;1958;30;;;;;1961;30;;;;;1959.5;0.0
0;35900;KELP;2030;30;;;;;2034;30;;;;;2032.0;205.2890625
0;35900;RAINFOREST_RESIN;9996;2;9995;28;;;10004;2;10005;28;;;10000.0;623.0
0;36000;RAINFOREST_RESIN;9995;30;;;;;10000;2;10002;9;10005;30;9997.5;623.0
0;36000;KELP;2030;30;;;;;2031;2;2032;2;2034;30;2030.5;206.294921875
0;36000;SQUID_INK;1957;30;;;;;1958;2;1959;2;1961;30;1957.5;0.0
0;36100;SQUID_INK;1957;23;;;;;1959;6;1960;23;;;1958.0;0.0
0;36100;KELP;2030;23;;;;;2032;6;2033;23;;;2031.0;207.66015625
0;36100;RAINFOREST_RESIN;9998;7;9996;2;9995;21;10004;2;10005;21;;;10001.0;623.0
0;36200;SQUID_INK;1955;30;;;;;1958;30;;;;;1956.5;0.0
0;36200;RAINFOREST_RESIN;9998;5;9996;1;9995;29;10004;1;10005;29;;;10001.0;623.0
0;36200;KELP;2030;30;;;;;2033;30;;;;;2031.5;206.2376708984375
0;36300;SQUID_INK;1957;1;1956;30;;;1960;31;;;;;1958.5;0.0
0;36300;KELP;2030;31;;;;;2033;31;;;;;2031.5;206.3502197265625
0;36300;RAINFOREST_RESIN;9996;1;9995;30;;;10004;1;10005;30;;;10000.0;623.0
0;36400;RAINFOREST_RESIN;9996;1;9995;28;;;10002;8;10004;1;10005;28;9999.0;623.0
0;36400;KELP;2030;30;;;;;2033;29;;;;;2031.5;206.4837646484375
0;36400;SQUID_INK;1960;1;1959;29;;;1962;1;1963;28;;;1961.0;0.0
0;36500;SQUID_INK;1958;28;;;;;1961;29;;;;;1959.5;0.0
0;36500;KELP;2029;28;;;;;2033;29;;;;;2031.0;207.0667724609375
0;36500;RAINFOREST_RESIN;9996;2;9995;27;;;10004;2;10005;27;;;10000.0;623.0
0;36600;SQUID_INK;1958;31;;;;;1959;2;1961;31;;;1958.5;0.0
0;36600;RAINFOREST_RESIN;9996;1;9995;30;;;10000;2;10004;1;10005;30;9998.0;623.0
0;36600;KELP;2030;1;2029;30;;;2031;2;2033;31;;;2030.5;206.8426513671875
0;36700;SQUID_INK;1957;22;;;;;1961;22;;;;;1959.0;0.0
0;36700;KELP;2030;22;;;;;2033;22;;;;;2031.5;207.0
0;36700;RAINFOREST_RESIN;10002;1;9996;1;9995;21;10004;1;10005;21;;;10003.0;623.0
0;36800;RAINFOREST_RESIN;9996;2;9995;23;;;10004;2;10005;23;;;10000.0;625.0
0;36800;KELP;2030;25;;;;;2033;25;;;;;2031.5;207.0
0;36800;SQUID_INK;1959;25;;;;;1962;25;;;;;1960.5;0.0
0;36900;SQUID_INK;1959;22;;;;;1963;22;;;;;1961.0;0.0
0;36900;KELP;2029;22;;;;;2033;22;;;;;2031.0;207.0
0;36900;RAINFOREST_RESIN;9998;6;9995;22;;;10005;22;;;;;10001.5;625.0
0;37000;SQUID_INK;1960;22;;;;;1963;2;1964;20;;;1961.5;0.0
0;37000;RAINFOREST_RESIN;9996;2;9995;20;;;10004;2;10005;20;;;10000.0;625.0
0;37000;KELP;2029;22;;;;;2033;22;;;;;2031.0;207.0
0;37100;SQUID_INK;1962;5;1961;24;;;1964;24;;;;;1963.0;0.0
0;37100;KELP;2031;5;2029;24;;;2033;24;;;;;2032.0;207.0
0;37100;RAINFOREST_RESIN;10000;5;9995;24;;;10005;24;;;;;10002.5;625.0
0;37200;RAINFOREST_RESIN;9996;2;9995;27;;;10004;2;10005;27;;;10000.0;625.0
0;37200;KELP;2029;29;;;;;2033;29;;;;;2031.0;215.8125
0;37200;SQUID_INK;1960;29;;;;;1964;29;;;;;1962.0;0.0
0;37300;SQUID_INK;1957;23;;;;;1959;4;1960;23;;;1958.0;0.0
0;37300;KELP;2029;23;;;;;2031;4;2033;23;;;2030.0;215.08984375
0;37300;RAINFOREST_RESIN;9996;1;9995;22;;;10004;1;10005;22;;;10000.0;625.0
0;37400;SQUID_INK;1958;26;;;;;1961;22;;;;;1959.5;0.0
0;37400;RAINFOREST_RESIN;9995;22;;;;;10005;22;;;;;10000.0;634.0
0;37400;KELP;2030;4;2029;22;;;2033;22;;;;;2031.5;215.646484375
0;37500;SQUID_INK;1958;5;1956;31;;;1960;31;;;;;1959.0;0.0
0;37500;RAINFOREST_RESIN;10000;5;9996;1;9995;30;10004;1;10005;30;;;10002.0;634.0
0;37500;KELP;2031;5;2030;31;;;2033;31;;;;;2032.0;214.8818359375
0;37600;RAINFOREST_RESIN;9996;1;9995;24;;;10004;1;10005;24;;;10000.0;634.0
0;37600;KELP;2029;25;;;;;2031;5;2033;25;;;2030.0;215.48046875
0;37600;SQUID_INK;1957;25;;;;;1959;5;1960;1;1961;24;1958.0;0.0
0;37700;KELP;2029;20;;;;;2033;20;;;;;2031.0;226.12890625
0;37700;SQUID_INK;1957;20;;;;;1960;20;;;;;1958.5;0.0
0;37700;RAINFOREST_RESIN;10002;1;9995;20;;;10005;20;;;;;10003.5;664.0
0;37800;KELP;2030;2;2029;23;;;2033;25;;;;;2031.5;226.765625
0;37800;SQUID_INK;1957;25;;;;;1960;25;;;;;1958.5;0.0
0;37800;RAINFOREST_RESIN;9996;2;9995;23;;;10004;2;10005;23;;;10000.0;666.0
0;37900;SQUID_INK;1957;29;;;;;1960;29;;;;;1958.5;0.0
0;37900;RAINFOREST_RESIN;9996;2;9995;27;;;10004;2;10005;27;;;10000.0;672.0
0;37900;KELP;2030;29;;;;;2033;29;;;;;2031.5;229.470703125
0;38000;RAINFOREST_RESIN;9998;3;9995;30;;;10005;30;;;;;10001.5;672.0
0;38000;KELP;2030;30;;;;;2033;30;;;;;2031.5;228.9765625
0;38000;SQUID_INK;1956;30;;;;;1960;30;;;;;1958.0;0.0
0;38100;KELP;2030;29;;;;;2032;4;2033;29;;;2031.0;229.115234375
0;38100;SQUID_INK;1955;29;;;;;1957;4;1958;29;;;1956.0;0.0
0;38100;RAINFOREST_RESIN;9998;4;9996;1;9995;28;10004;1;10005;28;;;10001.0;672.0
0;38200;KELP;2030;31;;;;;2033;31;;;;;2031.5;229.8076171875
0;38200;SQUID_INK;1955;31;;;;;1958;2;1959;29;;;1956.5;0.0
0;38200;RAINFOREST_RESIN;9998;4;9996;2;9995;29;10004;2;10005;29;;;10001.0;672.0
0;38300;SQUID_INK;1955;27;;;;;1958;22;;;;;1956.5;0.0
0;38300;RAINFOREST_RESIN;9995;22;;;;;10005;22;;;;;10000.0;672.0
0;38300;KELP;2030;27;;;;;2033;22;;;;;2031.5;229.373046875
0;38400;RAINFOREST_RESIN;9996;2;9995;29;;;10004;2;10005;29;;;10000.0;672.0
0;38400;KELP;2030;27;;;;;2033;31;;;;;2031.5;229.306640625
0;38400;SQUID_INK;1957;27;;;;;1960;31;;;;;1958.5;0.0
0;38500;KELP;2030;24;;;;;2033;24;;;;;2031.5;229.4873046875
0;38500;SQUID_INK;1956;24;;;;;1959;24;;;;;1957.5;0.0
0;38500;RAINFOREST_RESIN;9996;2;9995;22;;;10004;2;10005;22;;;10000.0;672.0
0;38600;KELP;2030;31;;;;;2033;31;;;;;2031.5;230.48046875
0;38600;SQUID_INK;1955;31;;;;;1959;31;;;;;1957.0;0.0
0;38600;RAINFOREST_RESIN;10002;1;9996;2;9995;29;10004;2;10005;29;;;10003.0;672.0
0;38700;SQUID_INK;1955;21;;;;;1958;2;1959;20;;;1956.5;0.0
0;38700;RAINFOREST_RESIN;9996;2;9995;20;;;10004;2;10005;20;;;10000.0;674.0
0;38700;KELP;2030;21;;;;;2033;22;;;;;2031.5;230.5244140625
0;38800;RAINFOREST_RESIN;9996;2;9995;25;;;10004;2;10005;25;;;10000.0;680.0
0;38800;KELP;2030;27;;;;;2032;2;2033;27;;;2031.0;230.66015625
0;38800;SQUID_INK;1956;27;;;;;1958;2;1960;27;;;1957.0;0.0
0;38900;KELP;2030;25;;;;;2033;25;;;;;2031.5;230.357421875
0;38900;SQUID_INK;1958;25;;;;;1961;25;;;;;1959.5;0.0
0;38900;RAINFOREST_RESIN;9996;2;9995;23;;;10004;2;10005;23;;;10000.0;680.0
0;39000;KELP;2030;24;;;;;2031;3;2032;6;2033;24;2030.5;230.490234375
0;39000;SQUID_INK;1957;24;;;;;1958;3;1959;6;1960;24;1957.5;0.0
0;39000;RAINFOREST_RESIN;9996;1;9995;23;;;10000;3;10004;1;10005;23;9998.0;680.0
0;39100;SQUID_INK;1958;38;;;;;1961;30;;;;;1959.5;0.0
0;39100;RAINFOREST_RESIN;9996;2;9995;28;;;9998;3;10004;2;10005;28;9997.0;680.0
0;39100;KELP;2030;38;;;;;2033;30;;;;;2031.5;232.71484375
0;39200;RAINFOREST_RESIN;9995;21;;;;;10000;4;10005;21;;;9997.5;689.0
0;39200;KELP;2030;26;;;;;2031;4;2033;21;;;2030.5;234.041015625
0;39200;SQUID_INK;1958;5;1957;21;;;1959;4;1961;21;;;1958.5;0.0
0;39300;KELP;2030;24;;;;;2033;24;;;;;2031.5;236.859375
0;39300;RAINFOREST_RESIN;9995;24;;;;;10005;24;;;;;10000.0;695.0
0;39300;SQUID_INK;1957;24;;;;;1960;24;;;;;1958.5;0.0
0;39400;KELP;2029;21;;;;;2033;21;;;;;2031.0;225.931640625
0;39400;SQUID_INK;1958;21;;;;;1961;21;;;;;1959.5;0.0
0;39400;RAINFOREST_RESIN;9995;21;;;;;10005;21;;;;;10000.0;695.0
0;39500;RAINFOREST_RESIN;9995;29;;;;;10005;29;;;;;10000.0;695.0
0;39500;SQUID_INK;1956;29;;;;;1958;3;1960;29;;;1957.0;0.0
0;39500;KELP;2029;29;;;;;2031;3;2033;29;;;2030.0;228.41015625
0;39600;RAINFOREST_RESIN;9996;1;9995;30;;;10004;1;10005;30;;;10000.0;695.0
0;39600;KELP;2029;31;;;;;2033;31;;;;;2031.0;228.244140625
0;39600;SQUID_INK;1957;31;;;;;1960;31;;;;;1958.5;0.0
0;39700;KELP;2029;29;;;;;2030;6;2033;30;;;2029.5;227.6328125
0;39700;RAINFOREST_RESIN;9996;1;9995;29;;;10000;6;10004;1;10005;29;9998.0;695.0
0;39700;SQUID_INK;1957;29;;;;;1959;6;1961;30;;;1958.0;0.0
0;39800;SQUID_INK;1957;24;;;;;1960;24;;;;;1958.5;0.0
0;39800;KELP;2029;24;;;;;2032;24;;;;;2030.5;228.42578125
0;39800;RAINFOREST_RESIN;9996;2;9995;22;;;9998;1;10004;2;10005;22;9997.0;695.0
0;39900;RAINFOREST_RESIN;9998;10;9996;1;9995;28;10004;1;10005;28;;;10001.0;697.0
0;39900;SQUID_INK;1957;29;;;;;1959;7;1960;29;;;1958.0;0.0
0;39900;KELP;2029;1;2028;28;;;2030;7;2032;29;;;2029.5;216.01171875
0;40000;RAINFOREST_RESIN;10002;11;9996;1;9995;25;10004;1;10005;25;;;10003.0;697.0
0;40000;SQUID_INK;1956;26;;;;;1959;26;;;;;1957.5;0.0
0;40000;KELP;2029;1;2028;25;;;2032;26;;;;;2030.5;217.109375
0;40100;KELP;2028;30;;;;;2030;4;2032;30;;;2029.0;213.453125
0;40100;RAINFOREST_RESIN;9995;30;;;;;10005;30;;;;;10000.0;719.0
0;40100;SQUID_INK;1954;30;;;;;1956;4;1957;30;;;1955.0;0.0
0;40200;SQUID_INK;1953;25;;;;;1956;25;;;;;1954.5;0.0
0;40200;KELP;2029;1;2028;24;;;2032;25;;;;;2030.5;215.8671875
0;40200;RAINFOREST_RESIN;9996;1;9995;24;;;10002;7;10004;1;10005;24;9999.0;719.0
0;40300;RAINFOREST_RESIN;10002;4;9996;1;9995;29;10004;1;10005;29;;;10003.0;719.0
0;40300;SQUID_INK;1954;1;1953;29;;;1957;30;;;;;1955.5;0.0
0;40300;KELP;2028;30;;;;;2032;30;;;;;2030.0;218.810546875
0;40400;RAINFOREST_RESIN;9996;2;9995;23;;;10004;2;10005;23;;;10000.0;727.0
0;40400;SQUID_INK;1950;25;;;;;1954;25;;;;;1952.0;0.0
0;40400;KELP;2029;2;2028;23;;;2032;25;;;;;2030.5;221.83984375
0;40500;KELP;2029;22;;;;;2032;22;;;;;2030.5;226.609375
0;40500;RAINFOREST_RESIN;9996;1;9995;21;;;10004;1;10005;21;;;10000.0;727.0
0;40500;SQUID_INK;1949;22;;;;;1952;22;;;;;1950.5;0.0
0;40600;SQUID_INK;1947;28;;;;;1950;28;;;;;1948.5;0.0
0;40600;KELP;2029;28;;;;;2032;28;;;;;2030.5;232.64404296875
0;40600;RAINFOREST_RESIN;10002;1;9995;28;;;10005;28;;;;;10003.5;727.0
0;40700;RAINFOREST_RESIN;9998;10;9996;1;9995;29;10004;1;10005;29;;;10001.0;729.0
0;40700;SQUID_INK;1949;1;1948;6;1947;30;1950;1;1951;29;;;1949.5;0.0
0;40700;KELP;2031;1;2029;36;;;2032;30;;;;;2031.5;232.3887939453125
0;40800;RAINFOREST_RESIN;9995;21;;;;;10005;21;;;;;10000.0;729.0
0;40800;SQUID_INK;1947;21;;;;;1950;21;;;;;1948.5;0.0
0;40800;KELP;2029;21;;;;;2032;21;;;;;2030.5;233.0
0;40900;KELP;2029;3;2028;25;;;2032;25;;;;;2030.5;233.0
0;40900;RAINFOREST_RESIN;9998;2;9995;25;;;10005;25;;;;;10001.5;729.0
0;40900;SQUID_INK;1947;28;;;;;1950;25;;;;;1948.5;0.0
0;41000;SQUID_INK;1945;21;;;;;1946;2;1947;7;1948;21;1945.5;0.0
0;41000;KELP;2029;21;;;;;2030;2;2031;7;2032;21;2029.5;233.0
0;41000;RAINFOREST_RESIN;9998;10;9996;1;9995;20;10000;2;10004;1;10005;20;9999.0;729.0
0;41100;RAINFOREST_RESIN;9996;2;9995;23;;;10004;2;10005;23;;;10000.0;729.0
0;41100;SQUID_INK;1941;25;;;;;1945;25;;;;;1943.0;0.0
0;41100;KELP;2029;25;;;;;2032;25;;;;;2030.5;233.773681640625
0;41200;RAINFOREST_RESIN;9995;20;;;;;10005;20;;;;;10000.0;729.0
0;41200;SQUID_INK;1942;20;;;;;1946;20;;;;;1944.0;0.0
0;41200;KELP;2029;20;;;;;2032;20;;;;;2030.5;234.425537109375
0;41300;KELP;2030;8;2029;27;;;2033;27;;;;;2031.5;234.67431640625
0;41300;RAINFOREST_RESIN;9995;27;;;;;10005;27;;;;;10000.0;729.0
0;41300;SQUID_INK;1943;8;1942;27;;;1946;27;;;;;1944.5;0.0
0;41400;SQUID_INK;1938;30;;;;;1941;30;;;;;1939.5;0.0
0;41400;KELP;2029;30;;;;;2032;1;2033;29;;;2030.5;234.7001953125
0;41400;RAINFOREST_RESIN;9996;1;9995;29;;;10004;1;10005;29;;;10000.0;729.0
0;41500;RAINFOREST_RESIN;9996;2;9995;29;;;10004;2;10005;29;;;10000.0;729.0
0;41500;SQUID_INK;1941;38;;;;;1944;31;;;;;1942.5;0.0
0;41500;KELP;2030;7;2029;31;;;2033;31;;;;;2031.5;234.840576171875
0;41600;RAINFOREST_RESIN;9995;26;;;;;10005;26;;;;;10000.0;729.0
0;41600;SQUID_INK;1940;26;;;;;1943;26;;;;;1941.5;0.0
0;41600;KELP;2029;26;;;;;2032;26;;;;;2030.5;234.471435546875
0;41700;KELP;2031;2;2029;23;;;2032;23;;;;;2031.5;234.5537109375
0;41700;RAINFOREST_RESIN;9995;23;;;;;10005;23;;;;;10000.0;729.0
0;41700;SQUID_INK;1944;2;1942;23;;;1945;23;;;;;1944.5;0.0
0;41800;SQUID_INK;1944;21;;;;;1947;22;;;;;1945.5;0.0
0;41800;KELP;2029;21;;;;;2032;22;;;;;2030.5;235.0
0;41800;RAINFOREST_RESIN;9996;1;9995;21;;;10004;1;10005;21;;;10000.0;729.0
0;41900;RAINFOREST_RESIN;9995;28;;;;;10002;8;10005;28;;;9998.5;729.0
0;41900;SQUID_INK;1943;28;;;;;1947;28;;;;;1945.0;0.0
0;41900;KELP;2028;28;;;;;2032;28;;;;;2030.0;235.0
0;42000;RAINFOREST_RESIN;9996;1;9995;27;;;9998;1;10004;1;10005;27;9997.0;729.0
0;42000;SQUID_INK;1945;28;;;;;1948;1;1949;27;;;1946.5;0.0
0;42000;KELP;2029;1;2028;27;;;2032;28;;;;;2030.5;235.0
0;42100;KELP;2029;29;;;;;2032;22;;;;;2030.5;235.0
0;42100;RAINFOREST_RESIN;10002;2;9995;22;;;10005;22;;;;;10003.5;731.0
0;42100;SQUID_INK;1948;7;1947;22;;;1951;22;;;;;1949.5;0.0
0;42200;SQUID_INK;1949;22;;;;;1952;22;;;;;1950.5;0.0
0;42200;KELP;2029;22;;;;;2032;22;;;;;2030.5;235.0
0;42200;RAINFOREST_RESIN;9995;22;;;;;10005;22;;;;;10000.0;735.0
0;42300;RAINFOREST_RESIN;9996;2;9995;20;;;10004;2;10005;20;;;10000.0;735.0
0;42300;SQUID_INK;1945;2;1944;20;;;1948;22;;;;;1946.5;0.0
0;42300;KELP;2028;22;;;;;2031;2;2032;20;;;2029.5;235.0
0;42400;RAINFOREST_RESIN;9996;2;9995;26;;;10002;2;10004;2;10005;26;9999.0;735.0
0;42400;SQUID_INK;1947;28;;;;;1950;28;;;;;1948.5;0.0
0;42400;KELP;2028;28;;;;;2031;28;;;;;2029.5;235.0
0;42500;KELP;2028;24;;;;;2030;2;2031;24;;;2029.0;235.7022705078125
0;42500;RAINFOREST_RESIN;9995;24;;;;;10005;24;;;;;10000.0;737.0
0;42500;SQUID_INK;1946;24;;;;;1948;2;1949;24;;;1947.0;0.0
0;42600;SQUID_INK;1949;1;1947;28;;;1950;28;;;;;1949.5;0.0
0;42600;KELP;2030;1;2028;28;;;2031;28;;;;;2030.5;235.74267578125
0;42600;RAINFOREST_RESIN;9995;28;;;;;10005;28;;;;;10000.0;737.0
0;42700;RAINFOREST_RESIN;9996;1;9995;23;;;10004;1;10005;23;;;10000.0;737.0
0;42700;SQUID_INK;1949;24;;;;;1952;24;;;;;1950.5;0.0
0;42700;KELP;2028;24;;;;;2031;24;;;;;2029.5;236.0
0;42800;RAINFOREST_RESIN;9995;29;;;;;10000;2;10005;29;;;9997.5;737.0
0;42800;SQUID_INK;1948;29;;;;;1949;2;1952;29;;;1948.5;0.0
0;42800;KELP;2028;29;;;;;2029;2;2031;29;;;2028.5;236.0
0;42900;KELP;2028;20;;;;;2031;20;;;;;2029.5;236.8369140625
0;42900;RAINFOREST_RESIN;10002;5;9995;20;;;10005;20;;;;;10003.5;737.0
0;42900;SQUID_INK;1948;20;;;;;1951;20;;;;;1949.5;0.0
0;43000;SQUID_INK;1950;27;;;;;1953;27;;;;;1951.5;0.0
0;43000;KELP;2028;27;;;;;2031;27;;;;;2029.5;236.727294921875
0;43000;RAINFOREST_RESIN;9996;1;9995;26;;;10002;6;10004;1;10005;26;9999.0;747.0
0;43100;RAINFOREST_RESIN;9998;9;9996;1;9995;24;10004;1;10005;24;;;10001.0;747.0
0;43100;SQUID_INK;1948;25;;;;;1951;25;;;;;1949.5;0.0
0;43100;KELP;2028;1;2027;24;;;2031;25;;;;;2029.5;236.380859375
0;43200;RAINFOREST_RESIN;9996;2;9995;29;;;10002;5;10004;2;10005;29;9999.0;747.0
0;43200;SQUID_INK;1948;31;;;;;1952;31;;;;;1950.0;0.0
0;43200;KELP;2028;31;;;;;2031;31;;;;;2029.5;237.03076171875
0;43300;KELP;2030;1;2028;20;;;2031;20;;;;;2030.5;237.14599609375
0;43300;RAINFOREST_RESIN;9998;10;9995;20;;;10005;20;;;;;10001.5;753.0
0;43300;SQUID_INK;1949;1;1947;20;;;1951;20;;;;;1950.0;0.0
0;43400;SQUID_INK;1947;24;;;;;1951;24;;;;;1949.0;0.0
0;43400;KELP;2028;24;;;;;2032;24;;;;;2030.0;238.0494384765625
0;43400;RAINFOREST_RESIN;9996;2;9995;22;;;10004;2;10005;22;;;10000.0;753.0
0;43500;RAINFOREST_RESIN;9996;1;9995;24;;;10002;7;10004;1;10005;24;9999.0;753.0
0;43500;SQUID_INK;1948;6;1947;25;;;1951;25;;;;;1949.5;0.0
0;43500;KELP;2029;6;2028;25;;;2031;1;2032;24;;;2030.0;237.83447265625
0;43600;RAINFOREST_RESIN;9995;22;;;;;10002;5;10005;22;;;9998.5;753.0
0;43600;SQUID_INK;1947;22;;;;;1949;1;1950;22;;;1948.0;0.0
0;43600;KELP;2028;22;;;;;2030;1;2032;22;;;2029.0;237.89208984375
0;43700;KELP;2028;30;;;;;2031;30;;;;;2029.5;237.757568359375
0;43700;RAINFOREST_RESIN;9996;1;9995;29;;;10002;6;10004;1;10005;29;9999.0;753.0
0;43700;SQUID_INK;1947;30;;;;;1950;30;;;;;1948.5;0.0
0;43800;RAINFOREST_RESIN;9996;1;9995;22;;;10004;1;10005;22;;;10000.0;753.0
0;43800;SQUID_INK;1946;23;;;;;1949;23;;;;;1947.5;0.0
0;43800;KELP;2027;23;;;;;2031;23;;;;;2029.0;237.11279296875
0;43900;SQUID_INK;1946;32;;;;;1949;26;;;;;1947.5;0.0
0;43900;KELP;2028;32;;;;;2031;26;;;;;2029.5;240.8564453125
0;43900;RAINFOREST_RESIN;9996;2;9995;24;;;10002;2;10004;2;10005;24;9999.0;753.0
0;44000;RAINFOREST_RESIN;10002;4;9998;10;9996;2;10004;2;10005;25;;;10003.0;753.0
0;44000;SQUID_INK;1946;27;;;;;1949;27;;;;;1947.5;0.0
0;44000;KELP;2028;27;;;;;2031;27;;;;;2029.5;240.7685546875
0;44100;SQUID_INK;1948;24;;;;;1950;4;1951;24;;;1949.0;0.0
0;44100;KELP;2028;24;;;;;2030;4;2031;24;;;2029.0;241.3828125
0;44100;RAINFOREST_RESIN;9996;2;9995;22;;;10004;2;10005;22;;;10000.0;761.0
0;44200;RAINFOREST_RESIN;9995;24;;;;;10005;24;;;;;10000.0;761.0
0;44200;KELP;2028;24;;;;;2031;24;;;;;2029.5;239.3955078125
0;44200;SQUID_INK;1946;24;;;;;1950;24;;;;;1948.0;0.0
0;44300;SQUID_INK;1949;26;;;;;1952;26;;;;;1950.5;0.0
0;44300;KELP;2028;26;;;;;2031;26;;;;;2029.5;238.98291015625
0;44300;RAINFOREST_RESIN;9996;2;9995;24;;;9998;2;10004;2;10005;24;9997.0;761.0
0;44400;SQUID_INK;1947;27;;;;;1950;26;;;;;1948.5;0.0
0;44400;RAINFOREST_RESIN;9996;1;9995;25;;;10002;7;10004;1;10005;25;9999.0;765.0
0;44400;KELP;2028;27;;;;;2031;26;;;;;2029.5;238.87890625
0;44500;SQUID_INK;1947;30;;;;;1950;30;;;;;1948.5;0.0
0;44500;KELP;2028;30;;;;;2031;30;;;;;2029.5;239.0166015625
0;44500;RAINFOREST_RESIN;9995;30;;;;;10005;30;;;;;10000.0;765.0
0;44600;RAINFOREST_RESIN;9996;1;9995;21;;;10004;1;10005;21;;;10000.0;765.0
0;44600;KELP;2028;22;;;;;2031;22;;;;;2029.5;238.791259765625
0;44600;SQUID_INK;1948;22;;;;;1951;22;;;;;1949.5;0.0
0;44700;SQUID_INK;1947;27;;;;;1949;6;1950;27;;;1948.0;0.0
0;44700;KELP;2028;27;;;;;2030;6;2031;27;;;2029.0;238.5859375
0;44700;RAINFOREST_RESIN;9996;2;9995;25;;;10004;2;10005;25;;;10000.0;765.0
0;44800;SQUID_INK;1947;25;;;;;1949;3;1950;25;;;1948.0;0.0
0;44800;RAINFOREST_RESIN;9995;25;;;;;10005;25;;;;;10000.0;765.0
0;44800;KELP;2028;25;;;;;2030;3;2031;25;;;2029.0;238.0
0;44900;SQUID_INK;1947;23;;;;;1950;23;;;;;1948.5;0.0
0;44900;KELP;2028;23;;;;;2031;2;2032;21;;;2029.5;238.0
0;44900;RAINFOREST_RESIN;9996;2;9995;21;;;10004;2;10005;21;;;10000.0;765.0
0;45000;RAINFOREST_RESIN;9996;1;9995;27;;;10004;1;10005;27;;;10000.0;765.0
0;45000;KELP;2028;27;;;;;2032;28;;;;;2030.0;238.0
0;45000;SQUID_INK;1948;27;;;;;1951;28;;;;;1949.5;0.0
0;45100;SQUID_INK;1947;27;;;;;1950;27;;;;;1948.5;0.0
0;45100;KELP;2029;27;;;;;2032;27;;;;;2030.5;238.0
0;45100;RAINFOREST_RESIN;9995;27;;;;;9998;1;10005;27;;;9996.5;765.0
0;45200;SQUID_INK;1947;20;;;;;1950;21;;;;;1948.5;0.0
0;45200;RAINFOREST_RESIN;10002;1;9996;1;9995;20;10004;1;10005;20;;;10003.0;767.0
0;45200;KELP;2029;20;;;;;2032;21;;;;;2030.5;238.0
0;45300;SQUID_INK;1947;22;;;;;1950;23;;;;;1948.5;0.0
0;45300;KELP;2029;22;;;;;2032;23;;;;;2030.5;238.0
0;45300;RAINFOREST_RESIN;9995;23;;;;;10005;23;;;;;10000.0;769.0
0;45400;RAINFOREST_RESIN;9998;4;9995;25;;;10005;25;;;;;10001.5;769.0
0;45400;KELP;2029;25;;;;;2032;25;;;;;2030.5;238.0
0;45400;SQUID_INK;1947;25;;;;;1950;25;;;;;1948.5;0.0
0;45500;SQUID_INK;1946;21;;;;;1947;3;1949;21;;;1946.5;0.0
0;45500;KELP;2029;18;;;;;2032;21;;;;;2030.5;238.0
0;45500;RAINFOREST_RESIN;9996;1;9995;20;;;9998;3;10004;1;10005;20;9997.0;769.0
0;45600;SQUID_INK;1946;24;;;;;1948;6;1950;24;;;1947.0;0.0
0;45600;RAINFOREST_RESIN;9996;1;9995;23;;;10004;1;10005;23;;;10000.0;775.0
0;45600;KELP;2029;24;;;;;2031;6;2032;24;;;2030.0;238.0
0;45700;SQUID_INK;1946;23;;;;;1949;23;;;;;1947.5;0.0
0;45700;KELP;2029;23;;;;;2032;23;;;;;2030.5;238.0
0;45700;RAINFOREST_RESIN;10002;1;9996;2;9995;21;10004;2;10005;21;;;10003.0;775.0
0;45800;RAINFOREST_RESIN;10000;5;9998;7;9996;2;10004;2;10005;30;;;10002.0;777.0
0;45800;KELP;2030;5;2029;32;;;2032;32;;;;;2031.0;238.0
0;45800;SQUID_INK;1947;5;1946;32;;;1949;32;;;;;1948.0;0.0
0;45900;SQUID_INK;1945;25;;;;;1948;1;1949;25;;;1946.5;0.0
0;45900;KELP;2029;25;;;;;2032;26;;;;;2030.5;238.0
0;45900;RAINFOREST_RESIN;9998;8;9996;1;9995;25;10004;1;10005;25;;;10001.0;777.0
0;46000;SQUID_INK;1946;23;;;;;1949;23;;;;;1947.5;0.0
0;46000;RAINFOREST_RESIN;9995;23;;;;;9998;1;10005;23;;;9996.5;777.0
0;46000;KELP;2029;23;;;;;2032;23;;;;;2030.5;238.0
0;46100;SQUID_INK;1947;4;1946;25;;;1950;25;;;;;1948.5;0.0
0;46100;KELP;2030;4;2029;25;;;2033;25;;;;;2031.5;238.0
0;46100;RAINFOREST_RESIN;9995;25;;;;;10005;25;;;;;10000.0;795.0
0;46200;RAINFOREST_RESIN;9995;24;;;;;10005;24;;;;;10000.0;795.0
0;46200;KELP;2029;28;;;;;2033;24;;;;;2031.0;238.0
0;46200;SQUID_INK;1946;28;;;;;1949;24;;;;;1947.5;0.0
0;46300;SQUID_INK;1946;28;;;;;1949;28;;;;;1947.5;0.0
0;46300;KELP;2029;28;;;;;2033;28;;;;;2031.0;238.0
0;46300;RAINFOREST_RESIN;9996;2;9995;26;;;10004;2;10005;26;;;10000.0;795.0
0;46400;KELP;2031;1;2029;24;;;2033;24;;;;;2032.0;238.0
0;46400;SQUID_INK;1948;1;1946;24;;;1949;24;;;;;1948.5;0.0
0;46400;RAINFOREST_RESIN;9995;24;;;;;10005;24;;;;;10000.0;795.0
0;46500;SQUID_INK;1947;2;1945;30;;;1949;30;;;;;1948.0;0.0
0;46500;RAINFOREST_RESIN;9996;1;9995;29;;;9998;1;10004;1;10005;29;9997.0;795.0
0;46500;KELP;2031;2;2030;30;;;2033;30;;;;;2032.0;238.0
0;46600;RAINFOREST_RESIN;9998;1;9995;28;;;10005;28;;;;;10001.5;797.0
0;46600;KELP;2032;1;2030;4;2029;28;2033;28;;;;;2032.5;238.0
0;46600;SQUID_INK;1949;1;1947;32;;;1950;28;;;;;1949.5;0.0
0;46700;KELP;2030;30;;;;;2033;30;;;;;2031.5;238.5909423828125
0;46700;SQUID_INK;1947;30;;;;;1951;30;;;;;1949.0;0.0
0;46700;RAINFOREST_RESIN;9996;1;9995;29;;;10004;1;10005;29;;;10000.0;797.0
0;46800;KELP;2030;25;;;;;2033;25;;;;;2031.5;238.494384765625
0;46800;SQUID_INK;1947;25;;;;;1950;25;;;;;1948.5;0.0
0;46800;RAINFOREST_RESIN;9995;25;;;;;10005;25;;;;;10000.0;797.0
0;46900;SQUID_INK;1947;30;;;;;1948;10;1950;1;1951;29;1947.5;0.0
0;46900;RAINFOREST_RESIN;9996;1;9995;29;;;10002;3;10004;1;10005;29;9999.0;797.0
0;46900;KELP;2029;29;;;;;2030;9;2033;30;;;2029.5;238.881103515625
0;47000;RAINFOREST_RESIN;9996;1;9995;22;;;10004;1;10005;22;;;10000.0;797.0
0;47000;KELP;2029;23;;;;;2033;23;;;;;2031.0;248.74609375
0;47000;SQUID_INK;1948;23;;;;;1951;23;;;;;1949.5;0.0
0;47100;KELP;2029;22;;;;;2033;22;;;;;2031.0;249.5068359375
0;47100;SQUID_INK;1947;22;;;;;1950;22;;;;;1948.5;0.0
0;47100;RAINFOREST_RESIN;9995;22;;;;;9998;1;10005;22;;;9996.5;797.0
0;47200;KELP;2032;1;2029;23;;;2033;23;;;;;2032.5;248.2626953125
0;47200;SQUID_INK;1949;1;1947;23;;;1950;23;;;;;1949.5;0.0
0;47200;RAINFOREST_RESIN;9996;2;9995;21;;;10004;2;10005;21;;;10000.0;799.0
0;47300;SQUID_INK;1947;5;1946;21;;;1950;21;;;;;1948.5;0.0
0;47300;RAINFOREST_RESIN;9995;21;;;;;10005;21;;;;;10000.0;799.0
0;47300;KELP;2030;26;;;;;2033;21;;;;;2031.5;250.904296875
0;47400;RAINFOREST_RESIN;9998;7;9995;22;;;10005;22;;;;;10001.5;799.0
0;47400;KELP;2032;5;2030;22;;;2033;22;;;;;2032.5;250.6201171875
0;47400;SQUID_INK;1948;5;1946;22;;;1950;22;;;;;1949.0;0.0
0;47500;KELP;2030;22;;;;;2032;5;2033;22;;;2031.0;255.08740234375
0;47500;SQUID_INK;1946;22;;;;;1948;5;1949;1;1950;21;1947.0;0.0
0;47500;RAINFOREST_RESIN;9996;1;9995;21;;;9998;1;10004;1;10005;21;9997.0;799.0
0;47600;KELP;2030;21;;;;;2033;21;;;;;2031.5;254.685791015625
0;47600;SQUID_INK;1945;21;;;;;1948;21;;;;;1946.5;0.0
0;47600;RAINFOREST_RESIN;9998;5;9995;21;;;10005;21;;;;;10001.5;801.0
0;47700;SQUID_INK;1947;23;;;;;1949;4;1950;23;;;1948.0;0.0
0;47700;RAINFOREST_RESIN;9998;1;9995;23;;;10005;23;;;;;10001.5;801.0
0;47700;KELP;2029;23;;;;;2032;4;2033;23;;;2030.5;254.400634765625
0;47800;RAINFOREST_RESIN;9995;20;;;;;10005;20;;;;;10000.0;801.0
0;47800;KELP;2029;20;;;;;2031;7;2033;20;;;2030.0;263.240234375
0;47800;SQUID_INK;1948;20;;;;;1950;7;1951;20;;;1949.0;0.0
0;47900;KELP;2029;23;;;;;2033;23;;;;;2031.0;264.482421875
0;47900;SQUID_INK;1948;23;;;;;1951;23;;;;;1949.5;0.0
0;47900;RAINFOREST_RESIN;9995;23;;;;;10005;23;;;;;10000.0;801.0
0;48000;KELP;2029;27;;;;;2033;27;;;;;2031.0;264.77734375
0;48000;SQUID_INK;1947;27;;;;;1951;27;;;;;1949.0;0.0
0;48000;RAINFOREST_RESIN;10002;2;9996;1;9995;26;10004;1;10005;26;;;10003.0;801.0
0;48100;RAINFOREST_RESIN;9996;1;9995;29;;;10004;1;10005;29;;;10000.0;805.0
0;48100;SQUID_INK;1948;30;;;;;1950;1;1952;30;;;1949.0;0.0
0;48100;KELP;2029;30;;;;;2031;1;2033;30;;;2030.0;264.4375
0;48200;RAINFOREST_RESIN;9996;1;9995;26;;;10004;1;10005;26;;;10000.0;805.0
0;48200;KELP;2030;1;2029;27;;;2033;27;;;;;2031.5;263.357421875
0;48200;SQUID_INK;1949;28;;;;;1952;27;;;;;1950.5;0.0
0;48300;KELP;2029;21;;;;;2030;4;2032;21;;;2029.5;260.31640625
0;48300;RAINFOREST_RESIN;9998;4;9996;1;9995;20;10004;1;10005;20;;;10001.0;805.0
0;48300;SQUID_INK;1948;21;;;;;1949;4;1951;21;;;1948.5;0.0
0;48400;KELP;2029;32;;;;;2031;6;2032;32;;;2030.0;259.52734375
0;48400;SQUID_INK;1949;32;;;;;1951;6;1952;2;1953;30;1950.0;0.0
0;48400;RAINFOREST_RESIN;9996;2;9995;30;;;10004;2;10005;30;;;10000.0;805.0
0;48500;RAINFOREST_RESIN;9995;29;;;;;10005;29;;;;;10000.0;805.0
0;48500;SQUID_INK;1949;29;;;;;1953;29;;;;;1951.0;0.0
0;48500;KELP;2029;29;;;;;2032;29;;;;;2030.5;263.80859375
0;48600;RAINFOREST_RESIN;9996;1;9995;26;;;10004;1;10005;26;;;10000.0;805.0
0;48600;SQUID_INK;1950;27;;;;;1953;27;;;;;1951.5;0.0
0;48600;KELP;2029;27;;;;;2032;27;;;;;2030.5;263.01171875
0;48700;KELP;2029;23;;;;;2030;2;2032;23;;;2029.5;264.4765625
0;48700;RAINFOREST_RESIN;9996;1;9995;22;;;10000;2;10004;1;10005;22;9998.0;805.0
0;48700;SQUID_INK;1950;23;;;;;1951;2;1953;23;;;1950.5;0.0
0;48800;SQUID_INK;1950;29;;;;;1953;29;;;;;1951.5;0.0
0;48800;KELP;2029;29;;;;;2032;29;;;;;2030.5;264.5703125
0;48800;RAINFOREST_RESIN;9996;1;9995;28;;;10004;1;10005;28;;;10000.0;805.0
0;48900;RAINFOREST_RESIN;9995;22;;;;;10005;22;;;;;10000.0;805.0
0;48900;SQUID_INK;1952;21;;;;;1955;22;;;;;1953.5;0.0
0;48900;KELP;2029;21;;;;;2033;22;;;;;2031.0;267.0859375
0;49000;RAINFOREST_RESIN;9996;1;9995;28;;;10004;1;10005;28;;;10000.0;805.0
0;49000;SQUID_INK;1951;29;;;;;1954;29;;;;;1952.5;0.0
0;49000;KELP;2029;29;;;;;2032;29;;;;;2030.5;256.4375
0;49100;KELP;2029;30;;;;;2032;30;;;;;2030.5;260.53125
0;49100;RAINFOREST_RESIN;9995;30;;;;;10005;30;;;;;10000.0;811.0
0;49100;SQUID_INK;1951;30;;;;;1955;30;;;;;1953.0;0.0
0;49200;SQUID_INK;1952;26;;;;;1955;26;;;;;1953.5;0.0
0;49200;KELP;2029;26;;;;;2032;26;;;;;2030.5;259.41015625
0;49200;RAINFOREST_RESIN;10002;3;9996;1;9995;25;10004;1;10005;25;;;10003.0;811.0
0;49300;RAINFOREST_RESIN;9998;3;9995;29;;;10005;29;;;;;10001.5;815.0
0;49300;SQUID_INK;1952;6;1951;29;;;1955;29;;;;;1953.5;0.0
0;49300;KELP;2029;35;;;;;2032;29;;;;;2030.5;260.73046875
0;49400;RAINFOREST_RESIN;9996;1;9995;22;;;10004;1;10005;22;;;10000.0;815.0
0;49400;SQUID_INK;1951;23;;;;;1955;23;;;;;1953.0;0.0
0;49400;KELP;2029;23;;;;;2032;23;;;;;2030.5;259.26171875
0;49500;KELP;2029;25;;;;;2032;25;;;;;2030.5;262.0625
0;49500;RAINFOREST_RESIN;9996;1;9995;24;;;10004;1;10005;24;;;10000.0;815.0
0;49500;SQUID_INK;1951;25;;;;;1954;25;;;;;1952.5;0.0
0;49600;SQUID_INK;1951;30;;;;;1952;3;1954;30;;;1951.5;0.0
0;49600;KELP;2029;30;;;;;2030;3;2032;30;;;2029.5;260.9375
0;49600;RAINFOREST_RESIN;9996;2;9995;28;;;10000;3;10002;9;10004;2;9998.0;815.0
0;49700;RAINFOREST_RESIN;9995;21;;;;;10005;21;;;;;10000.0;815.0
0;49700;SQUID_INK;1953;1;1952;6;1951;21;1955;21;;;;;1954.0;0.0
0;49700;KELP;2031;1;2029;27;;;2032;21;;;;;2031.5;265.05859375
0;49800;RAINFOREST_RESIN;9995;20;;;;;10002;7;10005;20;;;9998.5;815.0
0;49800;SQUID_INK;1952;19;;;;;1955;20;;;;;1953.5;0.0
0;49800;KELP;2029;19;;;;;2033;20;;;;;2031.0;268.80859375
0;49900;KELP;2030;5;2029;24;;;2033;24;;;;;2031.5;271.4609375
0;49900;RAINFOREST_RESIN;9996;1;9995;23;;;10004;1;10005;23;;;10000.0;815.0
0;49900;SQUID_INK;1955;5;1954;24;;;1957;1;1958;23;;;1956.0;0.0
0;50000;SQUID_INK;1955;2;1954;24;;;1958;26;;;;;1956.5;0.0
0;50000;KELP;2029;26;;;;;2032;26;;;;;2030.5;266.85546875
0;50000;RAINFOREST_RESIN;9996;2;9995;24;;;10002;5;10004;2;10005;24;9999.0;815.0
0;50100;RAINFOREST_RESIN;10002;4;9996;2;9995;22;10004;2;10005;22;;;10003.0;815.0
0;50100;SQUID_INK;1953;24;;;;;1956;24;;;;;1954.5;0.0
0;50100;KELP;2029;24;;;;;2032;24;;;;;2030.5;264.57421875
0;50200;RAINFOREST_RESIN;9996;1;9995;28;;;10004;1;10005;28;;;10000.0;821.0
0;50200;SQUID_INK;1953;29;;;;;1957;29;;;;;1955.0;0.0
0;50200;KELP;2029;1;2028;28;;;2032;29;;;;;2030.5;257.921875
0;50300;KELP;2029;23;;;;;2031;4;2032;23;;;2030.0;264.0078125
0;50300;RAINFOREST_RESIN;9995;23;;;;;10005;23;;;;;10000.0;821.0
0;50300;SQUID_INK;1952;23;;;;;1954;4;1956;23;;;1953.0;0.0
0;50400;SQUID_INK;1954;22;;;;;1957;23;;;;;1955.5;0.0
0;50400;KELP;2029;22;;;;;2032;23;;;;;2030.5;263.296875
0;50400;RAINFOREST_RESIN;9996;2;9995;21;;;10004;2;10005;21;;;10000.0;821.0
0;50500;RAINFOREST_RESIN;10000;4;9998;7;9996;1;10004;1;10005;27;;;10002.0;821.0
0;50500;SQUID_INK;1954;4;1953;28;;;1956;28;;;;;1955.0;0.0
0;50500;KELP;2030;4;2029;28;;;2032;28;;;;;2031.0;259.75390625
0;50600;RAINFOREST_RESIN;9998;7;9996;2;9995;22;10000;5;10004;2;10005;22;9999.0;821.0
0;50600;SQUID_INK;1952;24;;;;;1953;4;1955;24;;;1952.5;0.0
0;50600;KELP;2029;24;;;;;2030;4;2032;24;;;2029.5;258.9921875
0;50700;KELP;2029;20;;;;;2032;20;;;;;2030.5;263.046875
0;50700;RAINFOREST_RESIN;9998;9;9995;20;;;10005;20;;;;;10001.5;821.0
0;50700;SQUID_INK;1951;20;;;;;1954;20;;;;;1952.5;0.0
0;50800;SQUID_INK;1951;28;;;;;1954;28;;;;;1952.5;0.0
0;50800;KELP;2029;28;;;;;2032;28;;;;;2030.5;263.17578125
0;50800;RAINFOREST_RESIN;9998;7;9996;2;9995;26;10004;2;10005;26;;;10001.0;821.0
0;50900;RAINFOREST_RESIN;9998;2;9995;30;;;10000;5;10005;30;;;9999.0;821.0
0;50900;SQUID_INK;1951;29;;;;;1952;5;1954;30;;;1951.5;0.0
0;50900;KELP;2029;29;;;;;2030;5;2032;30;;;2029.5;264.90234375
0;51000;RAINFOREST_RESIN;9996;2;9995;23;;;10004;2;10005;23;;;10000.0;821.0
0;51000;SQUID_INK;1950;25;;;;;1953;25;;;;;1951.5;0.0
0;51000;KELP;2029;25;;;;;2032;25;;;;;2030.5;262.09765625
0;51100;KELP;2029;32;;;;;2032;29;;;;;2030.5;267.20703125
0;51100;RAINFOREST_RESIN;9995;29;;;;;10002;1;10005;29;;;9998.5;821.0
0;51100;SQUID_INK;1950;32;;;;;1953;29;;;;;1951.5;0.0
0;51200;SQUID_INK;1950;30;;;;;1953;30;;;;;1951.5;0.0
0;51200;KELP;2029;30;;;;;2032;30;;;;;2030.5;269.0625
0;51200;RAINFOREST_RESIN;9995;30;;;;;10005;30;;;;;10000.0;821.0
0;51300;RAINFOREST_RESIN;9996;2;9995;23;;;9998;5;10002;5;10004;2;9997.0;821.0
0;51300;SQUID_INK;1948;25;;;;;1951;25;;;;;1949.5;0.0
0;51300;KELP;2029;25;;;;;2032;25;;;;;2030.5;268.44140625
0;51400;RAINFOREST_RESIN;9996;1;9995;22;;;10004;1;10005;22;;;10000.0;831.0
0;51400;SQUID_INK;1949;23;;;;;1951;5;1952;23;;;1950.0;0.0
0;51400;KELP;2029;23;;;;;2031;5;2032;1;2033;22;2030.0;271.1484375
0;51500;KELP;2029;21;;;;;2032;21;;;;;2030.5;271.55859375
0;51500;RAINFOREST_RESIN;9995;21;;;;;10005;21;;;;;10000.0;831.0
0;51500;SQUID_INK;1948;21;;;;;1951;21;;;;;1949.5;0.0
0;51600;SQUID_INK;1951;3;1949;23;;;1952;23;;;;;1951.5;0.0
0;51600;KELP;2031;3;2029;23;;;2032;23;;;;;2031.5;269.60546875
0;51600;RAINFOREST_RESIN;9996;2;9995;21;;;10002;5;10004;2;10005;21;9999.0;839.0
0;51700;RAINFOREST_RESIN;9996;2;9995;30;;;10004;2;10005;30;;;10000.0;839.0
0;51700;SQUID_INK;1949;32;;;;;1952;32;;;;;1950.5;0.0
0;51700;KELP;2029;32;;;;;2032;32;;;;;2030.5;271.818359375
0;51800;RAINFOREST_RESIN;9995;25;;;;;10005;25;;;;;10000.0;839.0
0;51800;SQUID_INK;1949;25;;;;;1952;25;;;;;1950.5;0.0
0;51800;KELP;2029;25;;;;;2032;25;;;;;2030.5;272.568359375
0;51900;KELP;2029;28;;;;;2032;28;;;;;2030.5;272.16015625
0;51900;RAINFOREST_RESIN;9996;2;9995;26;;;10004;2;10005;26;;;10000.0;839.0
0;51900;SQUID_INK;1950;28;;;;;1954;28;;;;;1952.0;0.0
0;52000;SQUID_INK;1951;5;1950;21;;;1952;5;1954;21;;;1951.5;0.0
0;52000;KELP;2029;26;;;;;2030;5;2032;21;;;2029.5;270.865234375
0;52000;RAINFOREST_RESIN;9998;2;9995;21;;;10000;5;10005;21;;;9999.0;839.0
0;52100;RAINFOREST_RESIN;9996;1;9995;27;;;10004;1;10005;27;;;10000.0;839.0
0;52100;SQUID_INK;1947;28;;;;;1950;28;;;;;1948.5;0.0
0;52100;KELP;2029;28;;;;;2032;28;;;;;2030.5;278.09375
0;52200;RAINFOREST_RESIN;9995;23;;;;;10005;23;;;;;10000.0;839.0
0;52200;SQUID_INK;1948;22;;;;;1951;23;;;;;1949.5;0.0
0;52200;KELP;2029;22;;;;;2032;23;;;;;2030.5;276.419921875
0;52300;KELP;2029;30;;;;;2032;30;;;;;2030.5;277.529296875
0;52300;RAINFOREST_RESIN;9995;30;;;;;10005;30;;;;;10000.0;839.0
0;52300;SQUID_INK;1946;30;;;;;1950;30;;;;;1948.0;0.0
0;52400;SQUID_INK;1950;21;;;;;1951;3;1953;21;;;1950.5;0.0
0;52400;KELP;2029;22;;;;;2030;4;2032;21;;;2029.5;278.154296875
0;52400;RAINFOREST_RESIN;10002;3;9996;1;9995;20;10004;1;10005;20;;;10003.0;839.0
0;52500;RAINFOREST_RESIN;9996;2;9995;25;;;10004;2;10005;25;;;10000.0;845.0
0;52500;SQUID_INK;1947;27;;;;;1950;27;;;;;1948.5;0.0
0;52500;KELP;2029;27;;;;;2033;27;;;;;2031.0;287.97265625
0;52600;RAINFOREST_RESIN;9996;1;9995;30;;;10004;1;10005;30;;;10000.0;845.0
0;52600;SQUID_INK;1948;33;;;;;1949;2;1951;31;;;1948.5;0.0
0;52600;KELP;2029;31;;;;;2033;31;;;;;2031.0;286.52734375
0;52700;KELP;2032;1;2029;25;;;2033;25;;;;;2032.5;286.91015625
0;52700;RAINFOREST_RESIN;9996;1;9995;24;;;10002;9;10004;1;10005;24;9999.0;881.0
0;52700;SQUID_INK;1950;1;1947;25;;;1951;25;;;;;1950.5;0.0
0;52800;RAINFOREST_RESIN;9996;2;9995;26;;;10004;2;10005;26;;;10000.0;881.0
0;52800;SQUID_INK;1950;1;1948;28;;;1952;28;;;;;1951.0;0.0
0;52800;KELP;2032;1;2029;28;;;2033;28;;;;;2032.5;286.7734375
0;52900;SQUID_INK;1948;27;;;;;1951;27;;;;;1949.5;0.0
0;52900;KELP;2029;27;;;;;2033;27;;;;;2031.0;289.05859375
0;52900;RAINFOREST_RESIN;9996;1;9995;26;;;10002;3;10004;1;10005;26;9999.0;881.0
0;53000;SQUID_INK;1948;1;1947;29;;;1951;30;;;;;1949.5;0.0
0;53000;RAINFOREST_RESIN;9996;1;9995;29;;;10004;1;10005;29;;;10000.0;881.0
0;53000;KELP;2029;30;;;;;2033;30;;;;;2031.0;288.8671875
0;53100;SQUID_INK;1948;23;;;;;1951;23;;;;;1949.5;0.0
0;53100;KELP;2029;23;;;;;2033;23;;;;;2031.0;286.41796875
0;53100;RAINFOREST_RESIN;9996;2;9995;21;;;9998;5;10004;2;10005;21;9997.0;881.0
0;53200;RAINFOREST_RESIN;9995;23;;;;;10005;23;;;;;10000.0;891.0
