,day,timestamp,product,bid_price_1,bid_volume_1,bid_price_2,bid_volume_2,bid_price_3,bid_volume_3,ask_price_1,ask_volume_1,ask_price_2,ask_volume_2,ask_price_3,ask_volume_3,mid_price,profit_and_loss
0,-1,0,RAINFOREST_RESIN,10002,1,9996.0,2.0,9995.0,29.0,10004,2,10005.0,29.0,,,10003.0,0.0
1,-1,0,KELP,2028,1,2026.0,2.0,2025.0,29.0,2029,31,,,,,2028.5,0.0
2,-1,100,KELP,2025,24,,,,,2028,2,2029.0,22.0,,,2026.5,1.157470703125
3,-1,100,RAINFOREST_RESIN,9996,2,9995.0,22.0,,,10004,2,10005.0,22.0,,,10000.0,2.0
4,-1,200,RAINFOREST_RESIN,9995,20,,,,,10005,20,,,,,10000.0,-6.0
5,-1,200,KELP,2025,22,,,,,2028,20,,,,,2026.5,-41.10546875
6,-1,300,KELP,2025,31,,,,,2028,2,2029.0,29.0,,,2026.5,-84.078125
7,-1,300,RAINFOREST_RESIN,9996,2,9995.0,29.0,,,10004,2,10005.0,29.0,,,10000.0,-106.0
8,-1,400,RAINFOREST_RESIN,9996,2,9995.0,25.0,,,10004,2,10005.0,25.0,,,10000.0,-114.0
9,-1,400,KELP,2025,27,,,,,2028,27,,,,,2026.5,-76.5625
10,-1,500,KELP,2025,30,,,,,2028,30,,,,,2026.5,-65.34375
11,-1,500,RAINFOREST_RESIN,9995,30,,,,,10002,4,10005.0,30.0,,,9998.5,-122.0
12,-1,600,RAINFOREST_RESIN,10000,5,9995.0,25.0,,,10005,25,,,,,10002.5,-122.0
13,-1,600,KELP,2026,5,2025.0,31.0,,,2028,25,,,,,2027.0,-54.2265625
14,-1,700,KELP,2025,2,2024.0,23.0,,,2028,23,,,,,2026.5,-37.3828125
15,-1,700,RAINFOREST_RESIN,9995,23,,,,,10005,23,,,,,10000.0,-122.0
16,-1,800,RAINFOREST_RESIN,9996,1,9995.0,29.0,,,10004,1,10005.0,29.0,,,10000.0,-122.0
17,-1,800,KELP,2024,1,2023.0,29.0,,,2027,30,,,,,2025.5,-7.296875
18,-1,900,KELP,2024,23,,,,,2027,23,,,,,2025.5,-33.1875
19,-1,900,RAINFOREST_RESIN,9996,1,9995.0,22.0,,,10004,1,10005.0,22.0,,,10000.0,-126.0
20,-1,1000,RAINFOREST_RESIN,9995,26,,,,,10005,26,,,,,10000.0,-130.0
21,-1,1000,KELP,2024,26,,,,,2026,6,2027.0,26.0,,,2025.0,-34.984375
22,-1,1100,KELP,2025,6,2024.0,26.0,,,2027,2,2028.0,24.0,,,2026.0,-40.546875
23,-1,1100,RAINFOREST_RESIN,9996,2,9995.0,24.0,,,10004,2,10005.0,24.0,,,10000.0,-130.0
24,-1,1200,RAINFOREST_RESIN,9995,21,,,,,9998,1,10005.0,21.0,,,9996.5,-138.0
25,-1,1200,KELP,2024,21,,,,,2026,8,2028.0,21.0,,,2025.0,-46.171875
26,-1,1300,KELP,2024,31,,,,,2028,31,,,,,2026.0,-46.984375
27,-1,1300,RAINFOREST_RESIN,10002,1,9996.0,1.0,9995.0,30.0,10004,1,10005.0,30.0,,,10003.0,-138.0
28,-1,1400,RAINFOREST_RESIN,9996,1,9995.0,25.0,,,10004,1,10005.0,25.0,,,10000.0,-136.0
29,-1,1400,KELP,2025,3,2024.0,25.0,,,2028,26,,,,,2026.5,-55.6015625
30,-1,1500,KELP,2024,27,,,,,2028,27,,,,,2026.0,-58.203125
31,-1,1500,RAINFOREST_RESIN,9995,27,,,,,10005,27,,,,,10000.0,-140.0
32,-1,1600,RAINFOREST_RESIN,9995,29,,,,,10005,29,,,,,10000.0,-140.0
33,-1,1600,KELP,2024,29,,,,,2026,4,2028.0,29.0,,,2025.0,-53.6796875
34,-1,1700,KELP,2024,22,,,,,2026,8,2028.0,22.0,,,2025.0,-49.4375
35,-1,1700,RAINFOREST_RESIN,9996,2,9995.0,20.0,,,10002,1,10004.0,2.0,10005.0,20.0,9999.0,-140.0
36,-1,1800,RAINFOREST_RESIN,10002,1,9996.0,1.0,9995.0,22.0,10004,1,10005.0,22.0,,,10003.0,-148.0
37,-1,1800,KELP,2024,23,,,,,2028,23,,,,,2026.0,-43.7265625
38,-1,1900,KELP,2024,29,,,,,2026,5,2027.0,29.0,,,2025.0,-28.5703125
39,-1,1900,RAINFOREST_RESIN,9996,1,9995.0,28.0,,,10004,1,10005.0,28.0,,,10000.0,-146.0
40,-1,2000,KELP,2024,26,,,,,2027,26,,,,,2025.5,-29.7578125
41,-1,2000,RAINFOREST_RESIN,9996,2,9995.0,24.0,,,9998,1,10004.0,2.0,10005.0,24.0,9997.0,-150.0
42,-1,2100,RAINFOREST_RESIN,9996,2,9995.0,25.0,,,10002,3,10004.0,2.0,10005.0,25.0,9999.0,-158.0
43,-1,2100,KELP,2024,27,,,,,2027,2,2028.0,25.0,,,2025.5,-38.609375
44,-1,2200,RAINFOREST_RESIN,9998,8,9996.0,1.0,9995.0,24.0,10004,1,10005.0,24.0,,,10001.0,-166.0
45,-1,2200,KELP,2024,25,,,,,2026,7,2027.0,1.0,2028.0,24.0,2025.0,-41.140625
46,-1,2300,KELP,2024,32,,,,,2028,32,,,,,2026.0,-48.0390625
47,-1,2300,RAINFOREST_RESIN,9998,7,9996.0,2.0,9995.0,30.0,10004,2,10005.0,30.0,,,10001.0,-166.0
48,-1,2400,KELP,2024,29,,,,,2025,1,2028.0,29.0,,,2024.5,-51.5546875
49,-1,2400,RAINFOREST_RESIN,9995,29,,,,,10005,29,,,,,10000.0,-166.0
50,-1,2500,RAINFOREST_RESIN,9996,1,9995.0,22.0,,,10004,1,10005.0,22.0,,,10000.0,-166.0
51,-1,2500,KELP,2025,2,2024.0,23.0,,,2027,1,2028.0,22.0,,,2026.0,-41.765625
52,-1,2600,RAINFOREST_RESIN,9995,23,,,,,10005,23,,,,,10000.0,-170.0
53,-1,2600,KELP,2025,3,2024.0,23.0,,,2028,23,,,,,2026.5,-41.8984375
54,-1,2700,KELP,2024,26,,,,,2027,26,,,,,2025.5,-35.390625
55,-1,2700,RAINFOREST_RESIN,9998,6,9995.0,26.0,,,10005,26,,,,,10001.5,-170.0
56,-1,2800,KELP,2023,25,,,,,2027,25,,,,,2025.0,-3.5390625
57,-1,2800,RAINFOREST_RESIN,9995,25,,,,,10005,25,,,,,10000.0,-170.0
58,-1,2900,RAINFOREST_RESIN,9996,1,9995.0,25.0,,,10004,1,10005.0,25.0,,,10000.0,-170.0
59,-1,2900,KELP,2023,26,,,,,2027,26,,,,,2025.0,2.546875
60,-1,3000,RAINFOREST_RESIN,9998,1,9995.0,26.0,,,10005,26,,,,,10001.5,-174.0
61,-1,3000,KELP,2024,29,,,,,2027,26,,,,,2025.5,-13.90625
62,-1,3100,KELP,2023,26,,,,,2025,5,2026.0,26.0,,,2024.0,35.671875
63,-1,3100,RAINFOREST_RESIN,9996,2,9995.0,24.0,,,10004,2,10005.0,24.0,,,10000.0,-176.0
64,-1,3200,KELP,2023,23,,,,,2025,3,2026.0,23.0,,,2024.0,26.8359375
65,-1,3200,RAINFOREST_RESIN,9996,1,9995.0,22.0,,,10004,1,10005.0,22.0,,,10000.0,-176.0
66,-1,3300,RAINFOREST_RESIN,9996,2,9995.0,30.0,,,10004,2,10005.0,30.0,,,10000.0,-180.0
67,-1,3300,KELP,2023,32,,,,,2025,2,2026.0,32.0,,,2024.0,19.8046875
68,-1,3400,RAINFOREST_RESIN,9996,2,9995.0,24.0,,,10004,2,10005.0,24.0,,,10000.0,-180.0
69,-1,3400,KELP,2023,26,,,,,2026,26,,,,,2024.5,21.1796875
70,-1,3500,KELP,2023,26,,,,,2026,26,,,,,2024.5,20.34375
71,-1,3500,RAINFOREST_RESIN,9995,26,,,,,10005,26,,,,,10000.0,-180.0
72,-1,3600,KELP,2023,21,,,,,2026,21,,,,,2024.5,20.515625
73,-1,3600,RAINFOREST_RESIN,9995,21,,,,,9998,4,10005.0,21.0,,,9996.5,-180.0
74,-1,3700,RAINFOREST_RESIN,10002,1,9996.0,1.0,9995.0,23.0,10004,1,10005.0,23.0,,,10003.0,-180.0
75,-1,3700,KELP,2023,27,,,,,2026,24,,,,,2024.5,35.609375
76,-1,3800,RAINFOREST_RESIN,9996,2,9995.0,23.0,,,10002,10,10004.0,2.0,10005.0,23.0,9999.0,-180.0
77,-1,3800,KELP,2023,25,,,,,2026,25,,,,,2024.5,36.125
78,-1,3900,KELP,2023,28,,,,,2026,26,,,,,2024.5,31.7890625
79,-1,3900,RAINFOREST_RESIN,9998,1,9996.0,1.0,9995.0,25.0,10004,1,10005.0,25.0,,,10001.0,-180.0
80,-1,4000,KELP,2023,32,,,,,2026,32,,,,,2024.5,22.0078125
81,-1,4000,RAINFOREST_RESIN,9996,2,9995.0,30.0,,,10004,2,10005.0,30.0,,,10000.0,-180.0
82,-1,4100,RAINFOREST_RESIN,9996,2,9995.0,27.0,,,10004,2,10005.0,27.0,,,10000.0,-180.0
83,-1,4100,KELP,2023,29,,,,,2027,29,,,,,2025.0,3.421875
84,-1,4200,RAINFOREST_RESIN,9996,2,9995.0,24.0,,,10002,4,10004.0,2.0,10005.0,24.0,9999.0,-180.0
85,-1,4200,KELP,2023,26,,,,,2027,26,,,,,2025.0,4.1796875
86,-1,4300,KELP,2023,29,,,,,2024,5,2026.0,22.0,,,2023.5,23.25
87,-1,4300,RAINFOREST_RESIN,9995,22,,,,,9998,1,10000.0,6.0,10005.0,22.0,9996.5,-180.0
88,-1,4400,KELP,2023,30,,,,,2026,30,,,,,2024.5,20.6484375
89,-1,4400,RAINFOREST_RESIN,9995,30,,,,,10005,30,,,,,10000.0,-180.0
90,-1,4500,RAINFOREST_RESIN,9996,1,9995.0,28.0,,,10002,10,10004.0,1.0,10005.0,28.0,9999.0,-180.0
91,-1,4500,KELP,2023,28,,,,,2026,29,,,,,2024.5,25.2734375
92,-1,4600,RAINFOREST_RESIN,9996,1,9995.0,29.0,,,10002,10,10004.0,1.0,10005.0,29.0,9999.0,-180.0
93,-1,4600,KELP,2023,30,,,,,2026,30,,,,,2024.5,24.1484375
94,-1,4700,KELP,2023,25,,,,,2025,3,2026.0,32.0,,,2024.0,14.515625
95,-1,4700,RAINFOREST_RESIN,9996,2,9995.0,30.0,,,10004,2,10005.0,30.0,,,10000.0,-180.0
96,-1,4800,KELP,2023,24,,,,,2027,24,,,,,2025.0,3.75
97,-1,4800,RAINFOREST_RESIN,9998,6,9996.0,2.0,9995.0,22.0,10004,2,10005.0,22.0,,,10001.0,-180.0
98,-1,4900,RAINFOREST_RESIN,9995,22,,,,,10002,7,10005.0,22.0,,,9998.5,-180.0
99,-1,4900,KELP,2023,22,,,,,2027,22,,,,,2025.0,0.65625
100,-1,5000,RAINFOREST_RESIN,9998,3,9996.0,2.0,9995.0,28.0,10004,2,10005.0,28.0,,,10001.0,-180.0
101,-1,5000,KELP,2023,30,,,,,2026,30,,,,,2024.5,21.828125
102,-1,5100,KELP,2023,37,,,,,2026,31,,,,,2024.5,20.7421875
103,-1,5100,RAINFOREST_RESIN,9996,1,9995.0,30.0,,,10004,1,10005.0,30.0,,,10000.0,-180.0
104,-1,5200,KELP,2023,35,,,,,2026,27,,,,,2024.5,22.34375
105,-1,5200,RAINFOREST_RESIN,9998,9,9996.0,1.0,9995.0,26.0,10004,1,10005.0,26.0,,,10001.0,-180.0
106,-1,5300,RAINFOREST_RESIN,9996,1,9995.0,20.0,,,10004,1,10005.0,20.0,,,10000.0,-180.0
107,-1,5300,KELP,2025,1,2023.0,21.0,,,2026,21,,,,,2025.5,20.2578125
108,-1,5400,RAINFOREST_RESIN,9995,21,,,,,10005,21,,,,,10000.0,-180.0
109,-1,5400,KELP,2023,21,,,,,2025,6,2027.0,21.0,,,2024.0,2.9375
110,-1,5500,KELP,2023,27,,,,,2027,27,,,,,2025.0,-2.703125
111,-1,5500,RAINFOREST_RESIN,9995,27,,,,,10005,27,,,,,10000.0,-180.0
112,-1,5600,KELP,2025,2,2023.0,28.0,,,2027,28,,,,,2026.0,-5.125
113,-1,5600,RAINFOREST_RESIN,9995,28,,,,,10005,28,,,,,10000.0,-180.0
114,-1,5700,RAINFOREST_RESIN,9998,2,9995.0,27.0,,,10005,27,,,,,10001.5,-180.0
115,-1,5700,KELP,2024,26,,,,,2027,27,,,,,2025.5,-9.6015625
116,-1,5800,RAINFOREST_RESIN,9996,1,9995.0,30.0,,,10004,1,10005.0,30.0,,,10000.0,-180.0
117,-1,5800,KELP,2024,31,,,,,2027,31,,,,,2025.5,-26.3203125
118,-1,5900,KELP,2024,35,,,,,2027,30,,,,,2025.5,-22.375
119,-1,5900,RAINFOREST_RESIN,9996,2,9995.0,28.0,,,10004,2,10005.0,28.0,,,10000.0,-180.0
120,-1,6000,KELP,2024,30,,,,,2027,30,,,,,2025.5,-19.9453125
121,-1,6000,RAINFOREST_RESIN,9995,30,,,,,10005,30,,,,,10000.0,-180.0
122,-1,6100,RAINFOREST_RESIN,9996,1,9995.0,24.0,,,10004,1,10005.0,24.0,,,10000.0,-180.0
123,-1,6100,KELP,2024,24,,,,,2027,25,,,,,2025.5,-19.96875
124,-1,6200,RAINFOREST_RESIN,9996,1,9995.0,21.0,,,10004,1,10005.0,21.0,,,10000.0,-180.0
125,-1,6200,KELP,2024,22,,,,,2027,22,,,,,2025.5,-22.6171875
126,-1,6300,KELP,2024,30,,,,,2027,25,,,,,2025.5,-33.796875
127,-1,6300,RAINFOREST_RESIN,9996,2,9995.0,23.0,,,10004,2,10005.0,23.0,,,10000.0,-180.0
128,-1,6400,KELP,2024,25,,,,,2027,25,,,,,2025.5,-32.703125
129,-1,6400,RAINFOREST_RESIN,9996,1,9995.0,24.0,,,10004,1,10005.0,24.0,,,10000.0,-180.0
130,-1,6500,RAINFOREST_RESIN,9996,1,9995.0,26.0,,,9998,1,10004.0,1.0,10005.0,26.0,9997.0,-180.0
131,-1,6500,KELP,2024,27,,,,,2027,27,,,,,2025.5,-22.0390625
132,-1,6600,RAINFOREST_RESIN,9996,2,9995.0,24.0,,,10004,2,10005.0,24.0,,,10000.0,-180.0
133,-1,6600,KELP,2024,26,,,,,2028,26,,,,,2026.0,-47.09375
134,-1,6700,KELP,2025,7,2024.0,20.0,,,2028,20,,,,,2026.5,-54.609375
135,-1,6700,RAINFOREST_RESIN,9995,20,,,,,10002,3,10005.0,20.0,,,9998.5,-180.0
136,-1,6800,KELP,2024,32,,,,,2026,8,2027.0,2.0,2028.0,30.0,2025.0,-37.4453125
137,-1,6800,RAINFOREST_RESIN,9996,2,9995.0,30.0,,,10004,2,10005.0,30.0,,,10000.0,-180.0
138,-1,6900,RAINFOREST_RESIN,9996,1,9995.0,26.0,,,10002,5,10004.0,1.0,10005.0,26.0,9999.0,-180.0
139,-1,6900,KELP,2024,27,,,,,2026,1,2027.0,27.0,,,2025.0,-28.78125
140,-1,7000,RAINFOREST_RESIN,9998,2,9995.0,27.0,,,10005,27,,,,,10001.5,-180.0
141,-1,7000,KELP,2026,4,2024.0,27.0,,,2027,27,,,,,2026.5,-31.421875
142,-1,7100,KELP,2024,30,,,,,2027,30,,,,,2025.5,-21.2734375
143,-1,7100,RAINFOREST_RESIN,9996,1,9995.0,29.0,,,10004,1,10005.0,29.0,,,10000.0,-180.0
144,-1,7200,KELP,2024,28,,,,,2027,28,,,,,2025.5,-15.796875
145,-1,7200,RAINFOREST_RESIN,9998,5,9996.0,1.0,9995.0,27.0,10004,1,10005.0,27.0,,,10001.0,-180.0
146,-1,7300,RAINFOREST_RESIN,10002,1,9996.0,2.0,9995.0,29.0,10004,2,10005.0,29.0,,,10003.0,-180.0
147,-1,7300,KELP,2024,35,,,,,2027,31,,,,,2025.5,-15.390625
148,-1,7400,RAINFOREST_RESIN,9996,1,9995.0,22.0,,,10004,1,10005.0,22.0,,,10000.0,-180.0
149,-1,7400,KELP,2024,22,,,,,2027,23,,,,,2025.5,-17.84375
150,-1,7500,KELP,2024,25,,,,,2027,25,,,,,2025.5,-21.9375
151,-1,7500,RAINFOREST_RESIN,9995,25,,,,,10002,10,10005.0,25.0,,,9998.5,-180.0
152,-1,7600,KELP,2024,22,,,,,2027,22,,,,,2025.5,-20.9765625
153,-1,7600,RAINFOREST_RESIN,9996,2,9995.0,20.0,,,10004,2,10005.0,20.0,,,10000.0,-180.0
154,-1,7700,RAINFOREST_RESIN,9995,22,,,,,10005,22,,,,,10000.0,-180.0
155,-1,7700,KELP,2024,21,,,,,2027,22,,,,,2025.5,-19.9609375
156,-1,7800,RAINFOREST_RESIN,9998,3,9996.0,1.0,9995.0,22.0,10004,1,10005.0,22.0,,,10001.0,-180.0
157,-1,7800,KELP,2024,23,,,,,2027,23,,,,,2025.5,-19.0546875
158,-1,7900,KELP,2024,31,,,,,2027,27,,,,,2025.5,-18.5078125
159,-1,7900,RAINFOREST_RESIN,9996,1,9995.0,26.0,,,10004,1,10005.0,26.0,,,10000.0,-180.0
160,-1,8000,KELP,2024,27,,,,,2026,8,2027.0,27.0,,,2025.0,-13.21875
161,-1,8000,RAINFOREST_RESIN,9995,27,,,,,10005,27,,,,,10000.0,-180.0
162,-1,8100,RAINFOREST_RESIN,9996,1,9995.0,22.0,,,10004,1,10005.0,22.0,,,10000.0,-180.0
163,-1,8100,KELP,2023,23,,,,,2027,23,,,,,2025.0,6.0625
164,-1,8200,RAINFOREST_RESIN,9995,23,,,,,10005,23,,,,,10000.0,-180.0
165,-1,8200,KELP,2023,23,,,,,2025,1,2026.0,23.0,,,2024.0,13.5859375
166,-1,8300,KELP,2023,30,,,,,2026,30,,,,,2024.5,31.0
167,-1,8300,RAINFOREST_RESIN,9996,1,9995.0,29.0,,,10004,1,10005.0,29.0,,,10000.0,-180.0
168,-1,8400,RAINFOREST_RESIN,9995,28,,,,,10005,28,,,,,10000.0,-180.0
169,-1,8400,KELP,2023,28,,,,,2026,28,,,,,2024.5,30.109375
170,-1,8500,KELP,2023,31,,,,,2026,31,,,,,2024.5,34.0546875
171,-1,8500,RAINFOREST_RESIN,9998,10,9996.0,2.0,9995.0,29.0,10004,2,10005.0,29.0,,,10001.0,-180.0
172,-1,8600,RAINFOREST_RESIN,9996,1,9995.0,22.0,,,10004,1,10005.0,22.0,,,10000.0,-180.0
173,-1,8600,KELP,2023,22,,,,,2026,23,,,,,2024.5,25.8984375
174,-1,8700,KELP,2023,27,,,,,2025,4,2026.0,27.0,,,2024.0,17.3125
175,-1,8700,RAINFOREST_RESIN,9998,10,9995.0,27.0,,,10005,27,,,,,10001.5,-180.0
176,-1,8800,RAINFOREST_RESIN,9995,25,,,,,9998,1,10005.0,25.0,,,9996.5,-180.0
177,-1,8800,KELP,2024,7,2023.0,25.0,,,2027,25,,,,,2025.5,2.453125
178,-1,8900,KELP,2024,1,2023.0,26.0,,,2027,26,,,,,2025.5,5.0546875
179,-1,8900,RAINFOREST_RESIN,9998,9,9995.0,26.0,,,10005,26,,,,,10001.5,-180.0
180,-1,9000,RAINFOREST_RESIN,9996,2,9995.0,29.0,,,10004,2,10005.0,29.0,,,10000.0,-180.0
181,-1,9000,KELP,2023,31,,,,,2027,31,,,,,2025.0,6.1328125
182,-1,9100,KELP,2023,29,,,,,2026,2,2027.0,27.0,,,2024.5,10.2734375
183,-1,9100,RAINFOREST_RESIN,9998,3,9996.0,2.0,9995.0,27.0,10004,2,10005.0,27.0,,,10001.0,-180.0
184,-1,9200,RAINFOREST_RESIN,9998,10,9995.0,27.0,,,10005,27,,,,,10001.5,-180.0
185,-1,9200,KELP,2023,27,,,,,2025,7,2026.0,27.0,,,2024.0,12.921875
186,-1,9300,KELP,2023,21,,,,,2026,21,,,,,2024.5,22.0
187,-1,9300,RAINFOREST_RESIN,9996,1,9995.0,20.0,,,10004,1,10005.0,20.0,,,10000.0,-180.0
188,-1,9400,RAINFOREST_RESIN,9998,2,9996.0,2.0,9995.0,21.0,10004,2,10005.0,21.0,,,10001.0,-180.0
189,-1,9400,KELP,2023,23,,,,,2026,23,,,,,2024.5,26.25
190,-1,9500,KELP,2023,35,,,,,2026,31,,,,,2024.5,22.7734375
191,-1,9500,RAINFOREST_RESIN,9996,1,9995.0,30.0,,,10004,1,10005.0,30.0,,,10000.0,-180.0
192,-1,9600,RAINFOREST_RESIN,9996,1,9995.0,30.0,,,10004,1,10005.0,30.0,,,10000.0,-180.0
193,-1,9600,KELP,2023,31,,,,,2026,31,,,,,2024.5,30.421875
194,-1,9700,KELP,2023,22,,,,,2026,22,,,,,2024.5,30.4765625
195,-1,9700,RAINFOREST_RESIN,9995,22,,,,,10002,1,10005.0,22.0,,,9998.5,-180.0
196,-1,9800,RAINFOREST_RESIN,9995,26,,,,,10005,26,,,,,10000.0,-180.0
197,-1,9800,KELP,2023,26,,,,,2026,26,,,,,2024.5,28.0546875
198,-1,9900,KELP,2025,4,2023.0,25.0,,,2026,25,,,,,2025.5,18.4140625
199,-1,9900,RAINFOREST_RESIN,9995,25,,,,,10005,25,,,,,10000.0,-180.0
200,-1,10000,RAINFOREST_RESIN,9995,28,,,,,10005,28,,,,,10000.0,-180.0
201,-1,10000,KELP,2023,36,,,,,2026,28,,,,,2024.5,19.546875
202,-1,10100,KELP,2023,25,,,,,2026,25,,,,,2024.5,23.9140625
203,-1,10100,RAINFOREST_RESIN,9996,1,9995.0,24.0,,,10002,3,10004.0,1.0,10005.0,24.0,9999.0,-180.0
204,-1,10200,RAINFOREST_RESIN,9996,2,9995.0,26.0,,,10004,2,10005.0,26.0,,,10000.0,-180.0
205,-1,10200,KELP,2022,28,,,,,2026,28,,,,,2024.0,53.0625
206,-1,10300,KELP,2024,1,2022.0,35.0,,,2025,27,,,,,2024.5,82.078125
207,-1,10300,RAINFOREST_RESIN,9998,4,9995.0,27.0,,,10005,27,,,,,10001.5,-180.0
208,-1,10400,RAINFOREST_RESIN,10002,1,9996.0,1.0,9995.0,28.0,10004,1,10005.0,28.0,,,10003.0,-180.0
209,-1,10400,KELP,2023,1,2022.0,29.0,,,2026,29,,,,,2024.5,49.671875
210,-1,10500,KELP,2023,2,2022.0,29.0,,,2026,31,,,,,2024.5,45.0
211,-1,10500,RAINFOREST_RESIN,9998,4,9996.0,2.0,9995.0,29.0,10004,2,10005.0,29.0,,,10001.0,-180.0
212,-1,10600,RAINFOREST_RESIN,9996,2,9995.0,29.0,,,10000,4,10004.0,2.0,10005.0,29.0,9998.0,-180.0
213,-1,10600,KELP,2022,31,,,,,2023,4,2024.0,4.0,2025.0,31.0,2022.5,73.125
214,-1,10700,KELP,2022,29,,,,,2025,28,,,,,2023.5,78.921875
215,-1,10700,RAINFOREST_RESIN,9998,8,9995.0,28.0,,,10005,28,,,,,10001.5,-180.0
216,-1,10800,RAINFOREST_RESIN,9998,5,9996.0,2.0,9995.0,22.0,10004,2,10005.0,22.0,,,10001.0,-180.0
217,-1,10800,KELP,2022,27,,,,,2025,24,,,,,2023.5,74.5234375
218,-1,10900,KELP,2022,35,,,,,2025,28,,,,,2023.5,75.828125
219,-1,10900,RAINFOREST_RESIN,9996,1,9995.0,27.0,,,10004,1,10005.0,27.0,,,10000.0,-180.0
220,-1,11000,KELP,2024,7,2022.0,24.0,,,2025,24,,,,,2024.5,75.9609375
221,-1,11000,RAINFOREST_RESIN,9995,24,,,,,10002,7,10005.0,24.0,,,9998.5,-180.0
222,-1,11100,RAINFOREST_RESIN,9998,3,9995.0,21.0,,,10005,21,,,,,10001.5,-180.0
223,-1,11100,KELP,2022,21,,,,,2025,21,,,,,2023.5,73.03125
224,-1,11200,RAINFOREST_RESIN,9996,2,9995.0,21.0,,,10002,7,10004.0,2.0,10005.0,21.0,9999.0,-180.0
225,-1,11200,KELP,2022,23,,,,,2025,23,,,,,2023.5,77.046875
226,-1,11300,KELP,2022,25,,,,,2025,22,,,,,2023.5,73.28125
227,-1,11300,RAINFOREST_RESIN,9996,1,9995.0,21.0,,,10004,1,10005.0,21.0,,,10000.0,-180.0
228,-1,11400,KELP,2022,26,,,,,2025,26,,,,,2023.5,67.859375
229,-1,11400,RAINFOREST_RESIN,9996,1,9995.0,25.0,,,10004,1,10005.0,25.0,,,10000.0,-180.0
230,-1,11500,RAINFOREST_RESIN,9996,1,9995.0,25.0,,,10002,7,10004.0,1.0,10005.0,25.0,9999.0,-180.0
231,-1,11500,KELP,2022,26,,,,,2024,8,2025.0,26.0,,,2023.0,69.9375
232,-1,11600,RAINFOREST_RESIN,9996,2,9995.0,27.0,,,10002,2,10004.0,2.0,10005.0,27.0,9999.0,-180.0
233,-1,11600,KELP,2022,29,,,,,2026,29,,,,,2024.0,46.4609375
234,-1,11700,KELP,2022,23,,,,,2023,2,2026.0,23.0,,,2022.5,55.75
235,-1,11700,RAINFOREST_RESIN,9996,2,9995.0,21.0,,,10004,2,10005.0,21.0,,,10000.0,-180.0
236,-1,11800,KELP,2022,29,,,,,2024,4,2026.0,29.0,,,2023.0,42.890625
237,-1,11800,RAINFOREST_RESIN,9998,10,9995.0,29.0,,,10000,5,10005.0,29.0,,,9999.0,-180.0
238,-1,11900,RAINFOREST_RESIN,9996,2,9995.0,30.0,,,10004,2,10005.0,30.0,,,10000.0,-180.0
239,-1,11900,KELP,2023,2,2022.0,30.0,,,2024,3,2026.0,32.0,,,2023.5,44.9140625
240,-1,12000,RAINFOREST_RESIN,10002,1,9995.0,20.0,,,10005,20,,,,,10003.5,-180.0
241,-1,12000,KELP,2023,20,,,,,2026,20,,,,,2024.5,28.453125
242,-1,12100,KELP,2023,27,,,,,2025,1,2026.0,27.0,,,2024.0,29.0859375
243,-1,12100,RAINFOREST_RESIN,9996,2,9995.0,25.0,,,10004,2,10005.0,25.0,,,10000.0,-180.0
244,-1,12200,KELP,2023,34,,,,,2026,30,,,,,2024.5,29.75
245,-1,12200,RAINFOREST_RESIN,9996,2,9995.0,28.0,,,10004,2,10005.0,28.0,,,10000.0,-180.0
246,-1,12300,RAINFOREST_RESIN,9998,6,9996.0,1.0,9995.0,28.0,10004,1,10005.0,28.0,,,10001.0,-180.0
247,-1,12300,KELP,2023,29,,,,,2026,29,,,,,2024.5,26.65625
248,-1,12400,RAINFOREST_RESIN,9995,26,,,,,10005,26,,,,,10000.0,-180.0
249,-1,12400,KELP,2023,30,,,,,2026,26,,,,,2024.5,24.1953125
250,-1,12500,KELP,2023,19,,,,,2026,20,,,,,2024.5,30.4453125
251,-1,12500,RAINFOREST_RESIN,9995,20,,,,,10005,20,,,,,10000.0,-180.0
252,-1,12600,KELP,2023,22,,,,,2026,22,,,,,2024.5,36.671875
253,-1,12600,RAINFOREST_RESIN,9995,22,,,,,10005,22,,,,,10000.0,-180.0
254,-1,12700,RAINFOREST_RESIN,9996,2,9995.0,20.0,,,10004,2,10005.0,20.0,,,10000.0,-180.0
255,-1,12700,KELP,2023,22,,,,,2026,22,,,,,2024.5,32.015625
256,-1,12800,RAINFOREST_RESIN,9996,2,9995.0,20.0,,,10004,2,10005.0,20.0,,,10000.0,-180.0
257,-1,12800,KELP,2023,22,,,,,2026,22,,,,,2024.5,28.5078125
258,-1,12900,KELP,2023,36,,,,,2026,29,,,,,2024.5,23.984375
259,-1,12900,RAINFOREST_RESIN,9996,1,9995.0,28.0,,,10002,3,10004.0,1.0,10005.0,28.0,9999.0,-180.0
260,-1,13000,KELP,2025,1,2023.0,6.0,2022.0,20.0,2026,20,,,,,2025.5,44.7890625
261,-1,13000,RAINFOREST_RESIN,10002,1,9995.0,20.0,,,10005,20,,,,,10003.5,-180.0
262,-1,13100,RAINFOREST_RESIN,9996,1,9995.0,25.0,,,10004,1,10005.0,25.0,,,10000.0,-180.0
263,-1,13100,KELP,2023,33,,,,,2026,26,,,,,2024.5,37.6875
264,-1,13200,RAINFOREST_RESIN,9998,2,9995.0,22.0,,,10005,22,,,,,10001.5,-180.0
265,-1,13200,KELP,2022,22,,,,,2025,5,2026.0,22.0,,,2023.5,41.3359375
266,-1,13300,KELP,2023,6,2022.0,24.0,,,2026,24,,,,,2024.5,42.8828125
267,-1,13300,RAINFOREST_RESIN,9995,24,,,,,10005,24,,,,,10000.0,-180.0
268,-1,13400,KELP,2023,32,,,,,2026,32,,,,,2024.5,40.9921875
269,-1,13400,RAINFOREST_RESIN,9996,2,9995.0,30.0,,,10004,2,10005.0,30.0,,,10000.0,-180.0
270,-1,13500,RAINFOREST_RESIN,9995,30,,,,,10005,30,,,,,10000.0,-180.0
271,-1,13500,KELP,2022,30,,,,,2025,8,2026.0,30.0,,,2023.5,41.6015625
272,-1,13600,RAINFOREST_RESIN,9995,25,,,,,10002,10,10005.0,25.0,,,9998.5,-180.0
273,-1,13600,KELP,2023,24,,,,,2025,3,2026.0,25.0,,,2024.0,33.9296875
274,-1,13700,KELP,2023,25,,,,,2026,21,,,,,2024.5,33.765625
275,-1,13700,RAINFOREST_RESIN,9996,1,9995.0,20.0,,,9998,4,10004.0,1.0,10005.0,20.0,9997.0,-180.0
276,-1,13800,KELP,2023,23,,,,,2026,22,,,,,2024.5,30.71875
277,-1,13800,RAINFOREST_RESIN,9996,2,9995.0,20.0,,,10004,2,10005.0,20.0,,,10000.0,-180.0
278,-1,13900,RAINFOREST_RESIN,9996,2,9995.0,20.0,,,10000,6,10004.0,2.0,10005.0,20.0,9998.0,-180.0
279,-1,13900,KELP,2023,22,,,,,2024,6,2025.0,4.0,2026.0,22.0,2023.5,37.390625
280,-1,14000,RAINFOREST_RESIN,9998,5,9996.0,2.0,9995.0,27.0,10004,2,10005.0,27.0,,,10001.0,-180.0
281,-1,14000,KELP,2023,3,2022.0,29.0,,,2026,29,,,,,2024.5,46.609375
282,-1,14100,KELP,2023,25,,,,,2025,1,2026.0,25.0,,,2024.0,30.140625
283,-1,14100,RAINFOREST_RESIN,9996,2,9995.0,23.0,,,10004,2,10005.0,23.0,,,10000.0,-180.0
284,-1,14200,KELP,2023,20,,,,,2026,21,,,,,2024.5,29.1796875
285,-1,14200,RAINFOREST_RESIN,9995,21,,,,,10005,21,,,,,10000.0,-180.0
286,-1,14300,RAINFOREST_RESIN,9996,2,9995.0,27.0,,,10004,2,10005.0,27.0,,,10000.0,-180.0
287,-1,14300,KELP,2022,29,,,,,2026,29,,,,,2024.0,51.875
288,-1,14400,RAINFOREST_RESIN,9996,1,9995.0,29.0,,,10004,1,10005.0,29.0,,,10000.0,-180.0
289,-1,14400,KELP,2023,30,,,,,2026,30,,,,,2024.5,40.4921875
290,-1,14500,KELP,2023,24,,,,,2026,24,,,,,2024.5,38.4609375
291,-1,14500,RAINFOREST_RESIN,9995,24,,,,,10002,1,10005.0,24.0,,,9998.5,-180.0
292,-1,14600,KELP,2022,28,,,,,2024,2,2026.0,28.0,,,2023.0,48.25
293,-1,14600,RAINFOREST_RESIN,9996,2,9995.0,26.0,,,10000,2,10004.0,2.0,10005.0,26.0,9998.0,-180.0
294,-1,14700,RAINFOREST_RESIN,9995,30,,,,,10002,7,10005.0,30.0,,,9998.5,-180.0
295,-1,14700,KELP,2022,30,,,,,2025,30,,,,,2023.5,67.4609375
296,-1,14800,RAINFOREST_RESIN,9995,28,,,,,10002,6,10005.0,28.0,,,9998.5,-180.0
297,-1,14800,KELP,2022,28,,,,,2025,28,,,,,2023.5,68.0234375
298,-1,14900,KELP,2023,4,2022.0,26.0,,,2025,26,,,,,2024.0,69.4609375
299,-1,14900,RAINFOREST_RESIN,10000,4,9995.0,26.0,,,10005,26,,,,,10002.5,-180.0
300,-1,15000,KELP,2024,8,2022.0,25.0,,,2025,25,,,,,2024.5,73.546875
301,-1,15000,RAINFOREST_RESIN,9998,1,9995.0,25.0,,,10005,25,,,,,10001.5,-180.0
302,-1,15100,RAINFOREST_RESIN,9995,22,,,,,10005,22,,,,,10000.0,-180.0
303,-1,15100,KELP,2022,27,,,,,2025,22,,,,,2023.5,82.765625
304,-1,15200,RAINFOREST_RESIN,9998,6,9995.0,27.0,,,10005,27,,,,,10001.5,-180.0
305,-1,15200,KELP,2022,26,,,,,2025,27,,,,,2023.5,83.2890625
306,-1,15300,KELP,2022,26,,,,,2024,4,2025.0,26.0,,,2023.0,85.046875
307,-1,15300,RAINFOREST_RESIN,9995,26,,,,,10002,1,10005.0,26.0,,,9998.5,-180.0
308,-1,15400,KELP,2022,35,,,,,2025,30,,,,,2023.5,88.0390625
309,-1,15400,RAINFOREST_RESIN,9996,2,9995.0,28.0,,,9998,1,10004.0,2.0,10005.0,28.0,9997.0,-180.0
310,-1,15500,RAINFOREST_RESIN,10002,1,9996.0,2.0,9995.0,29.0,10004,2,10005.0,29.0,,,10003.0,-180.0
311,-1,15500,KELP,2022,31,,,,,2024,8,2025.0,31.0,,,2023.0,81.9140625
312,-1,15600,RAINFOREST_RESIN,9996,2,9995.0,24.0,,,10004,2,10005.0,24.0,,,10000.0,-180.0
313,-1,15600,KELP,2022,31,,,,,2025,26,,,,,2023.5,76.8359375
314,-1,15700,KELP,2022,25,,,,,2025,25,,,,,2023.5,68.8828125
315,-1,15700,RAINFOREST_RESIN,10002,5,9996.0,1.0,9995.0,24.0,10004,1,10005.0,24.0,,,10003.0,-180.0
316,-1,15800,KELP,2025,1,2022.0,22.0,,,2026,22,,,,,2025.5,51.5390625
317,-1,15800,RAINFOREST_RESIN,9998,10,9996.0,2.0,9995.0,20.0,10004,2,10005.0,20.0,,,10001.0,-180.0
318,-1,15900,RAINFOREST_RESIN,9996,2,9995.0,29.0,,,10000,6,10004.0,2.0,10005.0,29.0,9998.0,-180.0
319,-1,15900,KELP,2023,31,,,,,2024,6,2025.0,2.0,2026.0,31.0,2023.5,36.109375
320,-1,16000,RAINFOREST_RESIN,9996,2,9995.0,27.0,,,10002,6,10004.0,2.0,10005.0,27.0,9999.0,-180.0
321,-1,16000,KELP,2023,29,,,,,2025,2,2026.0,29.0,,,2024.0,38.5859375
322,-1,16100,KELP,2022,21,,,,,2023,2,2026.0,21.0,,,2022.5,60.59375
323,-1,16100,RAINFOREST_RESIN,9995,21,,,,,10000,2,10002.0,10.0,10005.0,21.0,9997.5,-180.0
324,-1,16200,KELP,2022,24,,,,,2023,1,2026.0,24.0,,,2022.5,54.8046875
325,-1,16200,RAINFOREST_RESIN,9995,24,,,,,9998,1,10005.0,24.0,,,9996.5,-180.0
326,-1,16300,RAINFOREST_RESIN,9996,1,9995.0,22.0,,,10004,1,10005.0,22.0,,,10000.0,-180.0
327,-1,16300,KELP,2023,2,2022.0,23.0,,,2026,23,,,,,2024.5,56.3828125
328,-1,16400,RAINFOREST_RESIN,9996,2,9995.0,30.0,,,10002,3,10004.0,2.0,10005.0,30.0,9999.0,-180.0
329,-1,16400,KELP,2023,2,2022.0,30.0,,,2026,32,,,,,2024.5,46.234375
330,-1,16500,KELP,2023,2,2022.0,21.0,,,2026,23,,,,,2024.5,45.09375
331,-1,16500,RAINFOREST_RESIN,9996,2,9995.0,21.0,,,10002,7,10004.0,2.0,10005.0,21.0,9999.0,-180.0
332,-1,16600,KELP,2022,30,,,,,2023,1,2026.0,30.0,,,2022.5,50.1640625
333,-1,16600,RAINFOREST_RESIN,9998,4,9996.0,2.0,9995.0,28.0,10004,2,10005.0,28.0,,,10001.0,-180.0
334,-1,16700,RAINFOREST_RESIN,10002,1,9995.0,26.0,,,10005,26,,,,,10003.5,-180.0
335,-1,16700,KELP,2025,1,2022.0,26.0,,,2026,26,,,,,2025.5,45.9765625
336,-1,16800,RAINFOREST_RESIN,9995,26,,,,,10005,26,,,,,10000.0,-180.0
337,-1,16800,KELP,2022,26,,,,,2026,26,,,,,2024.0,51.4921875
338,-1,16900,KELP,2023,1,2022.0,25.0,,,2026,26,,,,,2024.5,45.515625
339,-1,16900,RAINFOREST_RESIN,9996,1,9995.0,25.0,,,10004,1,10005.0,25.0,,,10000.0,-180.0
340,-1,17000,KELP,2023,29,,,,,2026,29,,,,,2024.5,39.4296875
341,-1,17000,RAINFOREST_RESIN,9998,9,9995.0,29.0,,,10005,29,,,,,10001.5,-180.0
342,-1,17100,KELP,2023,23,,,,,2026,23,,,,,2024.5,34.0703125
343,-1,17100,RAINFOREST_RESIN,9996,2,9995.0,21.0,,,10004,2,10005.0,21.0,,,10000.0,-180.0
344,-1,17200,RAINFOREST_RESIN,9998,3,9996.0,2.0,9995.0,22.0,10004,2,10005.0,22.0,,,10001.0,-180.0
345,-1,17200,KELP,2023,24,,,,,2026,24,,,,,2024.5,27.609375
346,-1,17300,KELP,2023,25,,,,,2025,6,2026.0,25.0,,,2024.0,23.46875
347,-1,17300,RAINFOREST_RESIN,9996,2,9995.0,23.0,,,10002,9,10004.0,2.0,10005.0,23.0,9999.0,-180.0
348,-1,17400,RAINFOREST_RESIN,10000,6,9998.0,7.0,9995.0,28.0,10005,28,,,,,10002.5,-180.0
349,-1,17400,KELP,2024,6,2023.0,28.0,,,2026,28,,,,,2025.0,12.828125
350,-1,17500,KELP,2023,26,,,,,2027,26,,,,,2025.0,11.0546875
351,-1,17500,RAINFOREST_RESIN,9995,26,,,,,10005,26,,,,,10000.0,-180.0
352,-1,17600,RAINFOREST_RESIN,9998,6,9995.0,30.0,,,10005,30,,,,,10001.5,-180.0
353,-1,17600,KELP,2023,30,,,,,2026,30,,,,,2024.5,16.2421875
354,-1,17700,KELP,2025,1,2023.0,29.0,,,2026,29,,,,,2025.5,19.90625
355,-1,17700,RAINFOREST_RESIN,9996,2,9995.0,27.0,,,10004,2,10005.0,27.0,,,10000.0,-180.0
356,-1,17800,RAINFOREST_RESIN,9996,2,9995.0,24.0,,,10002,5,10004.0,2.0,10005.0,24.0,9999.0,-180.0
357,-1,17800,KELP,2023,26,,,,,2026,2,2027.0,24.0,,,2024.5,12.6328125
358,-1,17900,KELP,2023,23,,,,,2027,23,,,,,2025.0,10.578125
359,-1,17900,RAINFOREST_RESIN,9995,23,,,,,10005,23,,,,,10000.0,-180.0
360,-1,18000,RAINFOREST_RESIN,9996,2,9995.0,25.0,,,10004,2,10005.0,25.0,,,10000.0,-180.0
361,-1,18000,KELP,2023,27,,,,,2026,27,,,,,2024.5,14.65625
362,-1,18100,KELP,2023,20,,,,,2027,20,,,,,2025.0,0.734375
363,-1,18100,RAINFOREST_RESIN,9995,20,,,,,10005,20,,,,,10000.0,-180.0
364,-1,18200,RAINFOREST_RESIN,9996,1,9995.0,25.0,,,10004,1,10005.0,25.0,,,10000.0,-180.0
365,-1,18200,KELP,2024,21,,,,,2027,26,,,,,2025.5,-14.2734375
366,-1,18300,KELP,2023,25,,,,,2027,25,,,,,2025.0,-3.5546875
367,-1,18300,RAINFOREST_RESIN,9996,2,9995.0,23.0,,,10004,2,10005.0,23.0,,,10000.0,-180.0
368,-1,18400,RAINFOREST_RESIN,9996,2,9995.0,23.0,,,10004,2,10005.0,23.0,,,10000.0,-180.0
369,-1,18400,KELP,2024,25,,,,,2026,5,2027.0,25.0,,,2025.0,-23.1640625
370,-1,18500,KELP,2024,29,,,,,2025,1,2027.0,29.0,,,2024.5,-26.3046875
371,-1,18500,RAINFOREST_RESIN,9995,29,,,,,10000,2,10005.0,29.0,,,9997.5,-180.0
372,-1,18600,RAINFOREST_RESIN,10002,1,9995.0,20.0,,,10005,20,,,,,10003.5,-180.0
373,-1,18600,KELP,2024,20,,,,,2026,5,2027.0,20.0,,,2025.0,-31.640625
374,-1,18700,KELP,2024,22,,,,,2027,22,,,,,2025.5,-33.1171875
375,-1,18700,RAINFOREST_RESIN,9995,22,,,,,10005,22,,,,,10000.0,-180.0
376,-1,18800,RAINFOREST_RESIN,9996,2,9995.0,26.0,,,10004,2,10005.0,26.0,,,10000.0,-180.0
377,-1,18800,KELP,2024,28,,,,,2027,28,,,,,2025.5,-21.5234375
378,-1,18900,KELP,2024,22,,,,,2027,22,,,,,2025.5,-26.6328125
379,-1,18900,RAINFOREST_RESIN,9998,2,9995.0,22.0,,,10005,22,,,,,10001.5,-180.0
380,-1,19000,RAINFOREST_RESIN,9996,2,9995.0,26.0,,,10004,2,10005.0,26.0,,,10000.0,-180.0
381,-1,19000,KELP,2024,18,,,,,2027,28,,,,,2025.5,-27.65625
382,-1,19100,KELP,2024,28,,,,,2027,28,,,,,2025.5,-29.015625
383,-1,19100,RAINFOREST_RESIN,9996,2,9995.0,26.0,,,10004,2,10005.0,26.0,,,10000.0,-180.0
384,-1,19200,RAINFOREST_RESIN,9996,1,9995.0,20.0,,,9998,1,10004.0,1.0,10005.0,20.0,9997.0,-180.0
385,-1,19200,KELP,2024,21,,,,,2027,21,,,,,2025.5,-32.1875
386,-1,19300,KELP,2024,23,,,,,2027,23,,,,,2025.5,-32.921875
387,-1,19300,RAINFOREST_RESIN,9996,2,9995.0,21.0,,,10004,2,10005.0,21.0,,,10000.0,-180.0
388,-1,19400,RAINFOREST_RESIN,9995,26,,,,,10005,26,,,,,10000.0,-180.0
389,-1,19400,KELP,2023,26,,,,,2027,26,,,,,2025.0,-6.75
390,-1,19500,KELP,2024,23,,,,,2027,23,,,,,2025.5,-21.5234375
391,-1,19500,RAINFOREST_RESIN,9995,23,,,,,10005,23,,,,,10000.0,-180.0
392,-1,19600,RAINFOREST_RESIN,9996,2,9995.0,27.0,,,10004,2,10005.0,27.0,,,10000.0,-180.0
393,-1,19600,KELP,2024,2,2023.0,27.0,,,2027,29,,,,,2025.5,-7.0234375
394,-1,19700,KELP,2024,31,,,,,2026,7,2027.0,32.0,,,2025.0,-11.65625
395,-1,19700,RAINFOREST_RESIN,10002,1,9996.0,2.0,9995.0,30.0,10004,2,10005.0,30.0,,,10003.0,-180.0
396,-1,19800,RAINFOREST_RESIN,9996,2,9995.0,29.0,,,10004,2,10005.0,29.0,,,10000.0,-180.0
397,-1,19800,KELP,2024,31,,,,,2027,31,,,,,2025.5,-17.7265625
398,-1,19900,KELP,2024,32,,,,,2027,32,,,,,2025.5,-24.234375
399,-1,19900,RAINFOREST_RESIN,9996,2,9995.0,30.0,,,10004,2,10005.0,30.0,,,10000.0,-180.0
400,-1,20000,KELP,2024,2,2023.0,27.0,,,2027,27,,,,,2025.5,3.75
401,-1,20000,RAINFOREST_RESIN,9995,27,,,,,10002,4,10005.0,27.0,,,9998.5,-180.0
402,-1,20100,RAINFOREST_RESIN,10002,1,9996.0,1.0,9995.0,30.0,10004,1,10005.0,30.0,,,10003.0,-180.0
403,-1,20100,KELP,2023,31,,,,,2025,4,2027.0,31.0,,,2024.0,1.046875
404,-1,20200,RAINFOREST_RESIN,9995,29,,,,,9998,1,10005.0,29.0,,,9996.5,-180.0
405,-1,20200,KELP,2023,29,,,,,2027,29,,,,,2025.0,7.484375
406,-1,20300,KELP,2024,26,,,,,2027,27,,,,,2025.5,-28.0390625
407,-1,20300,RAINFOREST_RESIN,9995,27,,,,,10005,27,,,,,10000.0,-180.0
408,-1,20400,KELP,2024,30,,,,,2025,4,2027.0,29.0,,,2024.5,-13.953125
409,-1,20400,RAINFOREST_RESIN,9996,1,9995.0,28.0,,,10000,4,10004.0,1.0,10005.0,28.0,9998.0,-180.0
410,-1,20500,RAINFOREST_RESIN,10000,3,9996.0,2.0,9995.0,30.0,10004,2,10005.0,30.0,,,10002.0,-180.0
411,-1,20500,KELP,2025,4,2024.0,7.0,2023.0,30.0,2027,32,,,,,2026.0,-5.09375
412,-1,20600,RAINFOREST_RESIN,9996,2,9995.0,26.0,,,10004,2,10005.0,26.0,,,10000.0,-180.0
413,-1,20600,KELP,2023,28,,,,,2027,28,,,,,2025.0,-3.65625
414,-1,20700,KELP,2025,6,2023.0,22.0,,,2027,22,,,,,2026.0,-5.5
415,-1,20700,RAINFOREST_RESIN,10002,1,10000.0,6.0,9998.0,4.0,10005,22,,,,,10003.5,-180.0
416,-1,20800,KELP,2024,2,2023.0,22.0,,,2027,24,,,,,2025.5,-6.109375
417,-1,20800,RAINFOREST_RESIN,9996,2,9995.0,22.0,,,10004,2,10005.0,22.0,,,10000.0,-180.0
418,-1,20900,RAINFOREST_RESIN,9995,23,,,,,10005,23,,,,,10000.0,-180.0
419,-1,20900,KELP,2026,1,2023.0,23.0,,,2027,23,,,,,2026.5,-8.3515625
420,-1,21000,RAINFOREST_RESIN,9996,2,9995.0,26.0,,,10004,2,10005.0,26.0,,,10000.0,-180.0
421,-1,21000,KELP,2024,28,,,,,2027,28,,,,,2025.5,-10.75
422,-1,21100,KELP,2024,2,2023.0,22.0,,,2027,24,,,,,2025.5,-6.28125
423,-1,21100,RAINFOREST_RESIN,9996,2,9995.0,22.0,,,10004,2,10005.0,22.0,,,10000.0,-180.0
424,-1,21200,KELP,2024,22,,,,,2027,22,,,,,2025.5,-13.453125
425,-1,21200,RAINFOREST_RESIN,9995,22,,,,,9998,1,10005.0,22.0,,,9996.5,-180.0
426,-1,21300,RAINFOREST_RESIN,9996,1,9995.0,29.0,,,10002,7,10004.0,1.0,10005.0,29.0,9999.0,-180.0
427,-1,21300,KELP,2024,1,2023.0,29.0,,,2027,30,,,,,2025.5,-7.65625
428,-1,21400,RAINFOREST_RESIN,9995,28,,,,,10005,28,,,,,10000.0,-180.0
429,-1,21400,KELP,2024,28,,,,,2027,28,,,,,2025.5,-12.8515625
430,-1,21500,KELP,2026,4,2024.0,21.0,,,2027,21,,,,,2026.5,-32.8046875
431,-1,21500,RAINFOREST_RESIN,9996,1,9995.0,20.0,,,10004,1,10005.0,20.0,,,10000.0,-180.0
432,-1,21600,KELP,2024,27,,,,,2027,2,2028.0,25.0,,,2025.5,-39.0390625
433,-1,21600,RAINFOREST_RESIN,10002,12,9996.0,2.0,9995.0,25.0,10004,2,10005.0,25.0,,,10003.0,-180.0
434,-1,21700,RAINFOREST_RESIN,9998,8,9996.0,2.0,9995.0,29.0,10004,2,10005.0,29.0,,,10001.0,-180.0
435,-1,21700,KELP,2024,31,,,,,2027,31,,,,,2025.5,-34.5625
436,-1,21800,RAINFOREST_RESIN,9996,2,9995.0,22.0,,,10004,2,10005.0,22.0,,,10000.0,-180.0
437,-1,21800,KELP,2024,24,,,,,2028,24,,,,,2026.0,-43.3203125
438,-1,21900,KELP,2024,22,,,,,2028,22,,,,,2026.0,-45.4140625
439,-1,21900,RAINFOREST_RESIN,10002,3,9996.0,1.0,9995.0,21.0,10004,1,10005.0,21.0,,,10003.0,-180.0
440,-1,22000,KELP,2024,21,,,,,2028,21,,,,,2026.0,-38.8046875
441,-1,22000,RAINFOREST_RESIN,9995,21,,,,,10005,21,,,,,10000.0,-180.0
442,-1,22100,RAINFOREST_RESIN,9996,2,9995.0,22.0,,,10002,7,10004.0,2.0,10005.0,22.0,9999.0,-180.0
443,-1,22100,KELP,2024,23,,,,,2027,24,,,,,2025.5,-22.875
444,-1,22200,RAINFOREST_RESIN,9998,6,9996.0,1.0,9995.0,20.0,10004,1,10005.0,20.0,,,10001.0,-180.0
445,-1,22200,KELP,2024,21,,,,,2027,21,,,,,2025.5,-13.0546875
446,-1,22300,KELP,2023,29,,,,,2026,1,2027.0,28.0,,,2024.5,12.234375
447,-1,22300,RAINFOREST_RESIN,9996,1,9995.0,28.0,,,10004,1,10005.0,28.0,,,10000.0,-180.0
448,-1,22400,KELP,2023,29,,,,,2026,29,,,,,2024.5,14.40625
449,-1,22400,RAINFOREST_RESIN,9996,2,9995.0,27.0,,,9998,1,10004.0,2.0,10005.0,27.0,9997.0,-180.0
450,-1,22500,RAINFOREST_RESIN,9996,2,9995.0,29.0,,,10004,2,10005.0,29.0,,,10000.0,-180.0
451,-1,22500,KELP,2023,31,,,,,2026,31,,,,,2024.5,25.65625
452,-1,22600,RAINFOREST_RESIN,10000,6,9998.0,6.0,9996.0,2.0,10004,2,10005.0,20.0,,,10002.0,-180.0
453,-1,22600,KELP,2024,6,2023.0,26.0,,,2026,22,,,,,2025.0,29.296875
454,-1,22700,KELP,2023,25,,,,,2026,26,,,,,2024.5,31.046875
455,-1,22700,RAINFOREST_RESIN,9996,2,9995.0,24.0,,,10004,2,10005.0,24.0,,,10000.0,-180.0
456,-1,22800,KELP,2023,27,,,,,2026,28,,,,,2024.5,40.8125
457,-1,22800,RAINFOREST_RESIN,9996,1,9995.0,27.0,,,9998,2,10004.0,1.0,10005.0,27.0,9997.0,-180.0
458,-1,22900,RAINFOREST_RESIN,9996,2,9995.0,30.0,,,10002,8,10004.0,2.0,10005.0,30.0,9999.0,-180.0
459,-1,22900,KELP,2023,2,2022.0,30.0,,,2026,32,,,,,2024.5,43.3828125
460,-1,23000,RAINFOREST_RESIN,9996,1,9995.0,21.0,,,10004,1,10005.0,21.0,,,10000.0,-180.0
461,-1,23000,KELP,2022,22,,,,,2026,22,,,,,2024.0,50.1640625
462,-1,23100,KELP,2023,23,,,,,2026,23,,,,,2024.5,36.859375
463,-1,23100,RAINFOREST_RESIN,9998,8,9995.0,23.0,,,10005,23,,,,,10001.5,-180.0
464,-1,23200,KELP,2023,2,2022.0,29.0,,,2024,3,2026.0,31.0,,,2023.5,42.5859375
465,-1,23200,RAINFOREST_RESIN,9998,5,9996.0,2.0,9995.0,29.0,10004,2,10005.0,29.0,,,10001.0,-180.0
466,-1,23300,RAINFOREST_RESIN,9996,1,9995.0,29.0,,,10004,1,10005.0,29.0,,,10000.0,-180.0
467,-1,23300,KELP,2023,30,,,,,2026,30,,,,,2024.5,33.9765625
468,-1,23400,RAINFOREST_RESIN,9996,1,9995.0,29.0,,,10004,1,10005.0,29.0,,,10000.0,-180.0
469,-1,23400,KELP,2023,30,,,,,2026,30,,,,,2024.5,33.4296875
470,-1,23500,KELP,2023,29,,,,,2025,4,2026.0,30.0,,,2024.0,33.875
471,-1,23500,RAINFOREST_RESIN,9998,8,9996.0,2.0,9995.0,28.0,10004,2,10005.0,28.0,,,10001.0,-180.0
472,-1,23600,KELP,2022,27,,,,,2026,27,,,,,2024.0,42.4765625
473,-1,23600,RAINFOREST_RESIN,9995,27,,,,,10005,27,,,,,10000.0,-180.0
474,-1,23700,RAINFOREST_RESIN,10002,1,9996.0,2.0,9995.0,21.0,10004,2,10005.0,21.0,,,10003.0,-180.0
475,-1,23700,KELP,2023,2,2022.0,21.0,,,2025,7,2026.0,23.0,,,2024.0,41.8828125
476,-1,23800,RAINFOREST_RESIN,9995,30,,,,,10005,30,,,,,10000.0,-180.0
477,-1,23800,KELP,2024,1,2022.0,30.0,,,2026,30,,,,,2025.0,58.09375
478,-1,23900,KELP,2025,1,2023.0,1.0,2022.0,30.0,2026,30,,,,,2025.5,46.703125
479,-1,23900,RAINFOREST_RESIN,9995,30,,,,,10005,30,,,,,10000.0,-180.0
480,-1,24000,KELP,2022,29,,,,,2026,29,,,,,2024.0,46.9921875
481,-1,24000,RAINFOREST_RESIN,9998,9,9995.0,29.0,,,10005,29,,,,,10001.5,-180.0
482,-1,24100,RAINFOREST_RESIN,9996,1,9995.0,25.0,,,10004,1,10005.0,25.0,,,10000.0,-180.0
483,-1,24100,KELP,2023,1,2022.0,25.0,,,2025,3,2026.0,26.0,,,2024.0,41.53125
484,-1,24200,RAINFOREST_RESIN,9996,2,9995.0,28.0,,,10002,6,10004.0,2.0,10005.0,28.0,9999.0,-180.0
485,-1,24200,KELP,2023,30,,,,,2026,30,,,,,2024.5,34.0390625
486,-1,24300,KELP,2023,26,,,,,2026,26,,,,,2024.5,32.859375
487,-1,24300,RAINFOREST_RESIN,9996,2,9995.0,24.0,,,10002,1,10004.0,2.0,10005.0,24.0,9999.0,-180.0
488,-1,24400,KELP,2025,1,2023.0,22.0,,,2026,22,,,,,2025.5,39.09375
489,-1,24400,RAINFOREST_RESIN,10002,1,9998.0,4.0,9996.0,1.0,10004,1,10005.0,21.0,,,10003.0,-180.0
490,-1,24500,RAINFOREST_RESIN,10002,1,9996.0,1.0,9995.0,25.0,10004,1,10005.0,25.0,,,10003.0,-180.0
491,-1,24500,KELP,2022,26,,,,,2026,26,,,,,2024.0,50.953125
492,-1,24600,RAINFOREST_RESIN,9995,24,,,,,9998,2,10005.0,24.0,,,9996.5,-180.0
493,-1,24600,KELP,2022,24,,,,,2024,2,2026.0,24.0,,,2023.0,42.8984375
494,-1,24700,KELP,2023,25,,,,,2026,25,,,,,2024.5,36.1640625
495,-1,24700,RAINFOREST_RESIN,9995,25,,,,,10005,25,,,,,10000.0,-180.0
496,-1,24800,KELP,2022,23,,,,,2026,23,,,,,2024.0,49.4375
497,-1,24800,RAINFOREST_RESIN,9995,23,,,,,10005,23,,,,,10000.0,-180.0
498,-1,24900,RAINFOREST_RESIN,10002,1,9996.0,1.0,9995.0,22.0,10004,1,10005.0,22.0,,,10003.0,-180.0
499,-1,24900,KELP,2024,4,2022.0,23.0,,,2026,23,,,,,2025.0,46.484375
500,-1,25000,RAINFOREST_RESIN,9995,23,,,,,10005,23,,,,,10000.0,-180.0
501,-1,25000,KELP,2023,23,,,,,2026,23,,,,,2024.5,37.3671875
502,-1,25100,KELP,2022,25,,,,,2024,4,2026.0,25.0,,,2023.0,44.5078125
503,-1,25100,RAINFOREST_RESIN,10002,1,9995.0,25.0,,,10005,25,,,,,10003.5,-180.0
504,-1,25200,KELP,2023,1,2022.0,24.0,,,2025,3,2026.0,25.0,,,2024.0,42.4765625
505,-1,25200,RAINFOREST_RESIN,9996,1,9995.0,24.0,,,9998,5,10004.0,1.0,10005.0,24.0,9997.0,-180.0
506,-1,25300,RAINFOREST_RESIN,9996,2,9995.0,22.0,,,10004,2,10005.0,22.0,,,10000.0,-180.0
507,-1,25300,KELP,2023,4,2022.0,22.0,,,2026,24,,,,,2024.5,42.5390625
508,-1,25400,RAINFOREST_RESIN,9996,1,9995.0,29.0,,,10004,1,10005.0,29.0,,,10000.0,-180.0
509,-1,25400,KELP,2025,8,2023.0,30.0,,,2026,30,,,,,2025.5,39.34375
510,-1,25500,KELP,2022,21,,,,,2025,21,,,,,2023.5,67.6328125
511,-1,25500,RAINFOREST_RESIN,9996,1,9995.0,20.0,,,9998,6,10002.0,9.0,10004.0,1.0,9997.0,-180.0
512,-1,25600,KELP,2023,31,,,,,2026,23,,,,,2024.5,38.484375
513,-1,25600,RAINFOREST_RESIN,9996,1,9995.0,22.0,,,10002,7,10004.0,1.0,10005.0,22.0,9999.0,-180.0
514,-1,25700,RAINFOREST_RESIN,9996,2,9995.0,30.0,,,10004,2,10005.0,30.0,,,10000.0,-180.0
515,-1,25700,KELP,2023,32,,,,,2025,6,2026.0,32.0,,,2024.0,31.546875
516,-1,25800,RAINFOREST_RESIN,10002,4,9995.0,24.0,,,10005,24,,,,,10003.5,-180.0
517,-1,25800,KELP,2023,23,,,,,2026,24,,,,,2024.5,23.078125
518,-1,25900,KELP,2023,25,,,,,2026,25,,,,,2024.5,34.3828125
519,-1,25900,RAINFOREST_RESIN,9996,2,9995.0,23.0,,,10004,2,10005.0,23.0,,,10000.0,-180.0
520,-1,26000,RAINFOREST_RESIN,9996,2,9995.0,27.0,,,10004,2,10005.0,27.0,,,10000.0,-180.0
521,-1,26000,KELP,2023,22,,,,,2026,29,,,,,2024.5,41.0078125
522,-1,26100,KELP,2023,20,,,,,2026,20,,,,,2024.5,33.359375
523,-1,26100,RAINFOREST_RESIN,9998,7,9995.0,20.0,,,10005,20,,,,,10001.5,-180.0
524,-1,26200,RAINFOREST_RESIN,9996,1,9995.0,22.0,,,10004,1,10005.0,22.0,,,10000.0,-180.0
525,-1,26200,KELP,2023,23,,,,,2026,23,,,,,2024.5,31.2890625
526,-1,26300,KELP,2023,30,,,,,2026,30,,,,,2024.5,33.328125
527,-1,26300,RAINFOREST_RESIN,9996,1,9995.0,29.0,,,9998,1,10004.0,1.0,10005.0,29.0,9997.0,-180.0
528,-1,26400,RAINFOREST_RESIN,9995,22,,,,,10005,22,,,,,10000.0,-180.0
529,-1,26400,KELP,2023,27,,,,,2026,22,,,,,2024.5,37.25
530,-1,26500,KELP,2023,24,,,,,2026,24,,,,,2024.5,38.1640625
531,-1,26500,RAINFOREST_RESIN,9996,1,9995.0,23.0,,,10004,1,10005.0,23.0,,,10000.0,-180.0
532,-1,26600,RAINFOREST_RESIN,9996,2,9995.0,28.0,,,9998,1,10004.0,2.0,10005.0,28.0,9997.0,-180.0
533,-1,26600,KELP,2023,36,,,,,2026,30,,,,,2024.5,34.0078125
534,-1,26700,KELP,2023,24,,,,,2025,6,2026.0,24.0,,,2024.0,34.546875
535,-1,26700,RAINFOREST_RESIN,9998,2,9996.0,1.0,9995.0,23.0,10004,1,10005.0,23.0,,,10001.0,-180.0
536,-1,26800,RAINFOREST_RESIN,9996,2,9995.0,28.0,,,10004,2,10005.0,28.0,,,10000.0,-180.0
537,-1,26800,KELP,2025,1,2023.0,30.0,,,2026,30,,,,,2025.5,36.09375
538,-1,26900,KELP,2023,29,,,,,2026,30,,,,,2024.5,37.0390625
539,-1,26900,RAINFOREST_RESIN,10002,1,9995.0,30.0,,,10005,30,,,,,10003.5,-180.0
540,-1,27000,RAINFOREST_RESIN,9995,28,,,,,10002,1,10005.0,28.0,,,9998.5,-180.0
541,-1,27000,KELP,2023,30,,,,,2026,28,,,,,2024.5,36.484375
542,-1,27100,KELP,2023,27,,,,,2026,24,,,,,2024.5,32.015625
543,-1,27100,RAINFOREST_RESIN,9995,24,,,,,10005,24,,,,,10000.0,-180.0
544,-1,27200,RAINFOREST_RESIN,9998,2,9995.0,21.0,,,10005,21,,,,,10001.5,-180.0
545,-1,27200,KELP,2023,21,,,,,2025,2,2026.0,21.0,,,2024.0,34.0703125
546,-1,27300,KELP,2025,1,2023.0,31.0,,,2026,31,,,,,2025.5,32.578125
547,-1,27300,RAINFOREST_RESIN,9996,2,9995.0,29.0,,,10004,2,10005.0,29.0,,,10000.0,-180.0
548,-1,27400,RAINFOREST_RESIN,9995,21,,,,,10005,21,,,,,10000.0,-180.0
549,-1,27400,KELP,2023,21,,,,,2026,21,,,,,2024.5,20.234375
550,-1,27500,KELP,2023,23,,,,,2025,6,2026.0,23.0,,,2024.0,18.140625
551,-1,27500,RAINFOREST_RESIN,9996,1,9995.0,22.0,,,10004,1,10005.0,22.0,,,10000.0,-180.0
552,-1,27600,RAINFOREST_RESIN,9998,5,9995.0,24.0,,,10005,24,,,,,10001.5,-180.0
553,-1,27600,KELP,2023,30,,,,,2026,24,,,,,2024.5,24.0
554,-1,27700,KELP,2023,19,,,,,2026,24,,,,,2024.5,21.8359375
555,-1,27700,RAINFOREST_RESIN,9995,24,,,,,10005,24,,,,,10000.0,-180.0
556,-1,27800,RAINFOREST_RESIN,9998,9,9996.0,2.0,9995.0,26.0,10004,2,10005.0,26.0,,,10001.0,-180.0
557,-1,27800,KELP,2023,28,,,,,2025,3,2026.0,28.0,,,2024.0,15.90625
558,-1,27900,KELP,2025,1,2023.0,29.0,,,2026,29,,,,,2025.5,19.3671875
559,-1,27900,RAINFOREST_RESIN,9996,2,9995.0,27.0,,,10002,4,10004.0,2.0,10005.0,27.0,9999.0,-180.0
560,-1,28000,RAINFOREST_RESIN,9998,2,9995.0,28.0,,,10005,28,,,,,10001.5,-180.0
561,-1,28000,KELP,2023,28,,,,,2026,28,,,,,2024.5,14.8515625
562,-1,28100,KELP,2023,26,,,,,2026,26,,,,,2024.5,19.046875
563,-1,28100,RAINFOREST_RESIN,9996,2,9995.0,24.0,,,10004,2,10005.0,24.0,,,10000.0,-180.0
564,-1,28200,RAINFOREST_RESIN,9996,1,9995.0,25.0,,,9998,2,10004.0,1.0,10005.0,25.0,9997.0,-180.0
565,-1,28200,KELP,2023,26,,,,,2025,5,2026.0,1.0,2027.0,25.0,2024.0,8.359375
566,-1,28300,KELP,2023,24,,,,,2024,2,2027.0,24.0,,,2023.5,5.328125
567,-1,28300,RAINFOREST_RESIN,9996,1,9995.0,23.0,,,10004,1,10005.0,23.0,,,10000.0,-180.0
568,-1,28400,RAINFOREST_RESIN,9996,2,9995.0,23.0,,,10004,2,10005.0,23.0,,,10000.0,-180.0
569,-1,28400,KELP,2023,24,,,,,2027,25,,,,,2025.0,7.4140625
570,-1,28500,KELP,2023,23,,,,,2027,23,,,,,2025.0,1.875
571,-1,28500,RAINFOREST_RESIN,9998,10,9995.0,23.0,,,10005,23,,,,,10001.5,-180.0
572,-1,28600,RAINFOREST_RESIN,10002,1,9996.0,2.0,9995.0,21.0,10004,2,10005.0,21.0,,,10003.0,-180.0
573,-1,28600,KELP,2023,23,,,,,2025,8,2027.0,23.0,,,2024.0,1.4296875
574,-1,28700,RAINFOREST_RESIN,9995,30,,,,,10005,30,,,,,10000.0,-180.0
575,-1,28700,KELP,2023,30,,,,,2027,30,,,,,2025.0,-1.7421875
576,-1,28800,RAINFOREST_RESIN,9995,27,,,,,10005,27,,,,,10000.0,-180.0
577,-1,28800,KELP,2024,27,,,,,2027,27,,,,,2025.5,-10.734375
578,-1,28900,KELP,2024,26,,,,,2027,22,,,,,2025.5,-28.09375
579,-1,28900,RAINFOREST_RESIN,9998,7,9996.0,1.0,9995.0,21.0,10004,1,10005.0,21.0,,,10001.0,-180.0
580,-1,29000,KELP,2024,23,,,,,2027,24,,,,,2025.5,-16.2109375
581,-1,29000,RAINFOREST_RESIN,9995,24,,,,,10005,24,,,,,10000.0,-180.0
582,-1,29100,RAINFOREST_RESIN,9996,2,9995.0,26.0,,,10004,2,10005.0,26.0,,,10000.0,-180.0
583,-1,29100,KELP,2024,31,,,,,2027,28,,,,,2025.5,-21.5234375
584,-1,29200,RAINFOREST_RESIN,9996,1,9995.0,30.0,,,10004,1,10005.0,30.0,,,10000.0,-180.0
585,-1,29200,KELP,2026,1,2024.0,31.0,,,2027,31,,,,,2026.5,-17.890625
586,-1,29300,KELP,2024,32,,,,,2026,2,2027.0,32.0,,,2025.0,-19.296875
587,-1,29300,RAINFOREST_RESIN,9996,2,9995.0,30.0,,,10002,3,10004.0,2.0,10005.0,30.0,9999.0,-180.0
588,-1,29400,KELP,2024,25,,,,,2027,26,,,,,2025.5,-20.4453125
589,-1,29400,RAINFOREST_RESIN,10002,1,9996.0,1.0,9995.0,25.0,10004,1,10005.0,25.0,,,10003.0,-180.0
590,-1,29500,RAINFOREST_RESIN,9996,2,9995.0,27.0,,,10004,2,10005.0,27.0,,,10000.0,-180.0
591,-1,29500,KELP,2024,31,,,,,2027,29,,,,,2025.5,-21.3515625
592,-1,29600,RAINFOREST_RESIN,9996,2,9995.0,28.0,,,10004,2,10005.0,28.0,,,10000.0,-180.0
593,-1,29600,KELP,2024,2,2023.0,28.0,,,2025,3,2027.0,30.0,,,2024.5,-5.578125
594,-1,29700,KELP,2024,28,,,,,2027,26,,,,,2025.5,-33.984375
595,-1,29700,RAINFOREST_RESIN,9996,1,9995.0,25.0,,,10002,4,10004.0,1.0,10005.0,25.0,9999.0,-180.0
596,-1,29800,KELP,2024,31,,,,,2026,1,2027.0,1.0,2028.0,30.0,2025.0,-38.2421875
597,-1,29800,RAINFOREST_RESIN,9998,6,9996.0,1.0,9995.0,30.0,10004,1,10005.0,30.0,,,10001.0,-180.0
598,-1,29900,RAINFOREST_RESIN,9995,21,,,,,10005,21,,,,,10000.0,-180.0
599,-1,29900,KELP,2025,8,2024.0,21.0,,,2028,21,,,,,2026.5,-41.2890625
600,-1,30000,RAINFOREST_RESIN,9998,3,9996.0,1.0,9995.0,30.0,10004,1,10005.0,30.0,,,10001.0,-180.0
601,-1,30000,KELP,2024,31,,,,,2028,31,,,,,2026.0,-46.109375
602,-1,30100,KELP,2024,30,,,,,2027,30,,,,,2025.5,-32.8828125
603,-1,30100,RAINFOREST_RESIN,9996,2,9995.0,28.0,,,10004,2,10005.0,28.0,,,10000.0,-180.0
604,-1,30200,KELP,2024,22,,,,,2027,22,,,,,2025.5,-36.71875
605,-1,30200,RAINFOREST_RESIN,9996,2,9995.0,20.0,,,10004,2,10005.0,20.0,,,10000.0,-180.0
606,-1,30300,RAINFOREST_RESIN,9996,2,9995.0,29.0,,,10002,9,10004.0,2.0,10005.0,29.0,9999.0,-180.0
607,-1,30300,KELP,2026,1,2024.0,31.0,,,2027,31,,,,,2026.5,-30.09375
608,-1,30400,RAINFOREST_RESIN,10000,5,9996.0,2.0,9995.0,29.0,10002,8,10004.0,2.0,10005.0,29.0,10001.0,-180.0
609,-1,30400,KELP,2025,5,2024.0,31.0,,,2027,31,,,,,2026.0,-22.5703125
610,-1,30500,KELP,2024,22,,,,,2027,22,,,,,2025.5,-9.890625
611,-1,30500,RAINFOREST_RESIN,9998,5,9996.0,2.0,9995.0,20.0,10004,2,10005.0,20.0,,,10001.0,-180.0
612,-1,30600,KELP,2024,1,2023.0,20.0,,,2027,22,,,,,2025.5,-6.7734375
613,-1,30600,RAINFOREST_RESIN,9996,2,9995.0,20.0,,,10002,4,10004.0,2.0,10005.0,20.0,9999.0,-180.0
614,-1,30700,RAINFOREST_RESIN,9995,30,,,,,10005,30,,,,,10000.0,-180.0
615,-1,30700,KELP,2024,30,,,,,2027,30,,,,,2025.5,-9.90625
616,-1,30800,RAINFOREST_RESIN,9996,1,9995.0,30.0,,,10004,1,10005.0,30.0,,,10000.0,-180.0
617,-1,30800,KELP,2024,4,2023.0,30.0,,,2027,31,,,,,2025.5,-7.8828125
618,-1,30900,KELP,2023,30,,,,,2025,7,2026.0,30.0,,,2024.0,20.90625
619,-1,30900,RAINFOREST_RESIN,9996,2,9995.0,28.0,,,10002,6,10004.0,2.0,10005.0,28.0,9999.0,-180.0
620,-1,31000,KELP,2024,4,2023.0,30.0,,,2026,23,,,,,2025.0,17.25
621,-1,31000,RAINFOREST_RESIN,10000,4,9996.0,1.0,9995.0,22.0,10004,1,10005.0,22.0,,,10002.0,-180.0
622,-1,31100,RAINFOREST_RESIN,9996,2,9995.0,27.0,,,10004,2,10005.0,27.0,,,10000.0,-180.0
623,-1,31100,KELP,2023,29,,,,,2026,2,2027.0,27.0,,,2024.5,12.1328125
624,-1,31200,RAINFOREST_RESIN,9996,2,9995.0,29.0,,,10002,6,10004.0,2.0,10005.0,29.0,9999.0,-180.0
625,-1,31200,KELP,2023,31,,,,,2026,31,,,,,2024.5,13.75
626,-1,31300,KELP,2023,24,,,,,2026,24,,,,,2024.5,15.1484375
627,-1,31300,RAINFOREST_RESIN,9996,1,9995.0,23.0,,,10004,1,10005.0,23.0,,,10000.0,-180.0
628,-1,31400,KELP,2023,26,,,,,2026,26,,,,,2024.5,25.296875
629,-1,31400,RAINFOREST_RESIN,9995,26,,,,,9998,1,10005.0,26.0,,,9996.5,-180.0
630,-1,31500,RAINFOREST_RESIN,9995,30,,,,,10005,30,,,,,10000.0,-180.0
631,-1,31500,KELP,2023,35,,,,,2026,30,,,,,2024.5,22.265625
632,-1,31600,RAINFOREST_RESIN,9995,27,,,,,10005,27,,,,,10000.0,-180.0
633,-1,31600,KELP,2025,1,2023.0,27.0,,,2026,27,,,,,2025.5,17.5859375
634,-1,31700,KELP,2023,24,,,,,2025,3,2026.0,24.0,,,2024.0,16.4921875
635,-1,31700,RAINFOREST_RESIN,9996,2,9995.0,22.0,,,10004,2,10005.0,22.0,,,10000.0,-180.0
636,-1,31800,KELP,2024,6,2023.0,26.0,,,2026,1,2027.0,25.0,,,2025.0,8.328125
637,-1,31800,RAINFOREST_RESIN,10000,6,9996.0,1.0,9995.0,25.0,10004,1,10005.0,25.0,,,10002.0,-180.0
638,-1,31900,RAINFOREST_RESIN,9998,3,9995.0,28.0,,,10005,28,,,,,10001.5,-180.0
639,-1,31900,KELP,2024,4,2023.0,28.0,,,2027,28,,,,,2025.5,7.6640625
640,-1,32000,RAINFOREST_RESIN,9996,1,9995.0,24.0,,,10004,1,10005.0,24.0,,,10000.0,-180.0
641,-1,32000,KELP,2024,2,2023.0,25.0,,,2026,1,2027.0,24.0,,,2025.0,10.5859375
642,-1,32100,KELP,2023,29,,,,,2026,29,,,,,2024.5,26.734375
643,-1,32100,RAINFOREST_RESIN,9996,1,9995.0,28.0,,,10004,1,10005.0,28.0,,,10000.0,-180.0
644,-1,32200,KELP,2023,28,,,,,2027,28,,,,,2025.0,4.6796875
645,-1,32200,RAINFOREST_RESIN,9996,1,9995.0,27.0,,,10004,1,10005.0,27.0,,,10000.0,-180.0
646,-1,32300,RAINFOREST_RESIN,9995,25,,,,,10005,25,,,,,10000.0,-180.0
647,-1,32300,KELP,2023,25,,,,,2026,25,,,,,2024.5,19.0078125
648,-1,32400,RAINFOREST_RESIN,9996,1,9995.0,30.0,,,10004,1,10005.0,30.0,,,10000.0,-180.0
649,-1,32400,KELP,2023,30,,,,,2026,1,2027.0,30.0,,,2024.5,11.421875
650,-1,32500,KELP,2023,21,,,,,2025,5,2027.0,22.0,,,2024.0,4.9140625
651,-1,32500,RAINFOREST_RESIN,9998,1,9996.0,1.0,9995.0,21.0,10004,1,10005.0,21.0,,,10001.0,-180.0
652,-1,32600,KELP,2023,30,,,,,2027,30,,,,,2025.0,1.8046875
653,-1,32600,RAINFOREST_RESIN,10002,1,9995.0,30.0,,,10005,30,,,,,10003.5,-180.0
654,-1,32700,RAINFOREST_RESIN,9996,2,9995.0,22.0,,,10004,2,10005.0,22.0,,,10000.0,-180.0
655,-1,32700,KELP,2023,24,,,,,2026,2,2027.0,22.0,,,2024.5,7.875
656,-1,32800,RAINFOREST_RESIN,9996,2,9995.0,28.0,,,10004,2,10005.0,28.0,,,10000.0,-180.0
657,-1,32800,KELP,2023,30,,,,,2026,2,2027.0,28.0,,,2024.5,8.9921875
658,-1,32900,KELP,2023,29,,,,,2026,2,2027.0,27.0,,,2024.5,12.5234375
659,-1,32900,RAINFOREST_RESIN,9996,2,9995.0,27.0,,,10004,2,10005.0,27.0,,,10000.0,-180.0
660,-1,33000,KELP,2025,1,2023.0,30.0,,,2026,30,,,,,2025.5,18.0390625
661,-1,33000,RAINFOREST_RESIN,9996,2,9995.0,28.0,,,10004,2,10005.0,28.0,,,10000.0,-180.0
662,-1,33100,RAINFOREST_RESIN,9996,1,9995.0,28.0,,,10004,1,10005.0,28.0,,,10000.0,-180.0
663,-1,33100,KELP,2023,28,,,,,2025,3,2026.0,29.0,,,2024.0,17.4609375
664,-1,33200,RAINFOREST_RESIN,9996,1,9995.0,20.0,,,10002,7,10004.0,1.0,10005.0,20.0,9999.0,-180.0
665,-1,33200,KELP,2023,20,,,,,2024,10,2026.0,1.0,2027.0,20.0,2023.5,8.421875
666,-1,33300,KELP,2024,1,2023.0,20.0,,,2027,21,,,,,2025.5,-7.5859375
667,-1,33300,RAINFOREST_RESIN,9996,1,9995.0,20.0,,,10004,1,10005.0,20.0,,,10000.0,-180.0
668,-1,33400,KELP,2023,32,,,,,2027,32,,,,,2025.0,-1.3359375
669,-1,33400,RAINFOREST_RESIN,9996,2,9995.0,30.0,,,10002,3,10004.0,2.0,10005.0,30.0,9999.0,-180.0
670,-1,33500,RAINFOREST_RESIN,9996,1,9995.0,20.0,,,10004,1,10005.0,20.0,,,10000.0,-180.0
671,-1,33500,KELP,2023,21,,,,,2026,21,,,,,2024.5,21.265625
672,-1,33600,RAINFOREST_RESIN,10002,6,9995.0,27.0,,,10005,27,,,,,10003.5,-180.0
673,-1,33600,KELP,2023,27,,,,,2026,27,,,,,2024.5,24.5859375
674,-1,33700,KELP,2023,32,,,,,2026,28,,,,,2024.5,29.6953125
675,-1,33700,RAINFOREST_RESIN,9996,1,9995.0,27.0,,,10002,1,10004.0,1.0,10005.0,27.0,9999.0,-180.0
676,-1,33800,KELP,2024,3,2023.0,31.0,,,2026,26,,,,,2025.0,37.4296875
677,-1,33800,RAINFOREST_RESIN,9996,1,9995.0,25.0,,,10004,1,10005.0,25.0,,,10000.0,-180.0
678,-1,33900,RAINFOREST_RESIN,9995,24,,,,,10005,24,,,,,10000.0,-180.0
679,-1,33900,KELP,2023,24,,,,,2026,24,,,,,2024.5,29.6953125
680,-1,34000,RAINFOREST_RESIN,10002,1,9995.0,30.0,,,10005,30,,,,,10003.5,-180.0
681,-1,34000,KELP,2023,29,,,,,2025,8,2026.0,30.0,,,2024.0,27.234375
682,-1,34100,KELP,2023,25,,,,,2026,23,,,,,2024.5,34.140625
683,-1,34100,RAINFOREST_RESIN,9996,1,9995.0,22.0,,,10004,1,10005.0,22.0,,,10000.0,-180.0
684,-1,34200,KELP,2022,23,,,,,2024,1,2026.0,23.0,,,2023.0,51.4296875
685,-1,34200,RAINFOREST_RESIN,9995,23,,,,,10005,23,,,,,10000.0,-180.0
686,-1,34300,RAINFOREST_RESIN,10002,1,9996.0,1.0,9995.0,22.0,10004,1,10005.0,22.0,,,10003.0,-180.0
687,-1,34300,KELP,2022,23,,,,,2026,23,,,,,2024.0,57.046875
688,-1,34400,RAINFOREST_RESIN,9996,2,9995.0,23.0,,,10004,2,10005.0,23.0,,,10000.0,-180.0
689,-1,34400,KELP,2023,3,2022.0,25.0,,,2025,2,2026.0,23.0,,,2024.0,58.15625
690,-1,34500,KELP,2022,30,,,,,2023,5,2024.0,1.0,2026.0,30.0,2022.5,57.7578125
691,-1,34500,RAINFOREST_RESIN,9995,30,,,,,10005,30,,,,,10000.0,-180.0
692,-1,34600,KELP,2022,29,,,,,2023,1,2026.0,29.0,,,2022.5,48.078125
693,-1,34600,RAINFOREST_RESIN,9995,29,,,,,10005,29,,,,,10000.0,-180.0
694,-1,34700,RAINFOREST_RESIN,9998,6,9995.0,24.0,,,10005,24,,,,,10001.5,-180.0
695,-1,34700,KELP,2023,24,,,,,2026,24,,,,,2024.5,40.8515625
696,-1,34800,RAINFOREST_RESIN,9996,2,9995.0,23.0,,,10004,2,10005.0,23.0,,,10000.0,-180.0
697,-1,34800,KELP,2023,2,2022.0,23.0,,,2026,25,,,,,2024.5,45.78125
698,-1,34900,KELP,2023,21,,,,,2026,21,,,,,2024.5,39.6796875
699,-1,34900,RAINFOREST_RESIN,9996,1,9995.0,20.0,,,10004,1,10005.0,20.0,,,10000.0,-180.0
700,-1,35000,RAINFOREST_RESIN,10002,1,9995.0,20.0,,,10005,20,,,,,10003.5,-180.0
701,-1,35000,KELP,2025,1,2023.0,20.0,,,2026,20,,,,,2025.5,12.7578125
702,-1,35100,KELP,2023,31,,,,,2026,31,,,,,2024.5,27.515625
703,-1,35100,RAINFOREST_RESIN,10002,3,9996.0,2.0,9995.0,29.0,10004,2,10005.0,29.0,,,10003.0,-180.0
704,-1,35200,RAINFOREST_RESIN,9996,2,9995.0,28.0,,,10002,10,10004.0,2.0,10005.0,28.0,9999.0,-180.0
705,-1,35200,KELP,2023,33,,,,,2026,30,,,,,2024.5,19.015625
706,-1,35300,KELP,2023,20,,,,,2026,28,,,,,2024.5,35.75
707,-1,35300,RAINFOREST_RESIN,9998,6,9996.0,1.0,9995.0,27.0,10004,1,10005.0,27.0,,,10001.0,-180.0
708,-1,35400,RAINFOREST_RESIN,10002,3,9995.0,25.0,,,10005,25,,,,,10003.5,-180.0
709,-1,35400,KELP,2025,1,2023.0,27.0,,,2026,25,,,,,2025.5,37.8125
710,-1,35500,KELP,2023,28,,,,,2026,28,,,,,2024.5,35.8203125
711,-1,35500,RAINFOREST_RESIN,9996,2,9995.0,26.0,,,10004,2,10005.0,26.0,,,10000.0,-180.0
712,-1,35600,RAINFOREST_RESIN,9995,26,,,,,10005,26,,,,,10000.0,-180.0
713,-1,35600,KELP,2023,26,,,,,2026,26,,,,,2024.5,39.4296875
714,-1,35700,KELP,2023,29,,,,,2026,29,,,,,2024.5,34.328125
715,-1,35700,RAINFOREST_RESIN,9996,2,9995.0,27.0,,,10004,2,10005.0,27.0,,,10000.0,-180.0
716,-1,35800,RAINFOREST_RESIN,9998,7,9996.0,1.0,9995.0,30.0,10004,1,10005.0,30.0,,,10001.0,-180.0
717,-1,35800,KELP,2023,29,,,,,2026,31,,,,,2024.5,35.3671875
718,-1,35900,KELP,2023,2,2022.0,21.0,,,2026,23,,,,,2024.5,45.1328125
719,-1,35900,RAINFOREST_RESIN,9996,2,9995.0,21.0,,,10004,2,10005.0,21.0,,,10000.0,-180.0
720,-1,36000,RAINFOREST_RESIN,9995,30,,,,,10002,5,10005.0,30.0,,,9998.5,-180.0
721,-1,36000,KELP,2022,30,,,,,2024,3,2026.0,30.0,,,2023.0,44.921875
722,-1,36100,KELP,2022,26,,,,,2025,2,2026.0,24.0,,,2023.5,58.828125
723,-1,36100,RAINFOREST_RESIN,10002,8,9996.0,2.0,9995.0,24.0,10004,2,10005.0,24.0,,,10003.0,-180.0
724,-1,36200,RAINFOREST_RESIN,9996,1,9995.0,29.0,,,9998,1,10004.0,1.0,10005.0,29.0,9997.0,-180.0
725,-1,36200,KELP,2022,30,,,,,2025,1,2026.0,29.0,,,2023.5,58.390625
726,-1,36300,KELP,2022,22,,,,,2024,6,2025.0,22.0,,,2023.0,63.1171875
727,-1,36300,RAINFOREST_RESIN,9996,1,9995.0,21.0,,,10004,1,10005.0,21.0,,,10000.0,-180.0
728,-1,36400,RAINFOREST_RESIN,9998,1,9996.0,1.0,9995.0,20.0,10004,1,10005.0,20.0,,,10001.0,-180.0
729,-1,36400,KELP,2024,1,2023.0,3.0,2022.0,21.0,2025,1,2026.0,20.0,,,2024.5,61.09375
730,-1,36500,KELP,2022,25,,,,,2023,2,2025.0,25.0,,,2022.5,69.7421875
731,-1,36500,RAINFOREST_RESIN,9995,25,,,,,10005,25,,,,,10000.0,-180.0
732,-1,36600,RAINFOREST_RESIN,9996,1,9995.0,28.0,,,10004,1,10005.0,28.0,,,10000.0,-180.0
733,-1,36600,KELP,2022,29,,,,,2025,29,,,,,2023.5,64.2890625
734,-1,36700,KELP,2021,21,,,,,2025,21,,,,,2023.0,108.421875
735,-1,36700,RAINFOREST_RESIN,9995,21,,,,,10005,21,,,,,10000.0,-180.0
736,-1,36800,RAINFOREST_RESIN,9995,30,,,,,10005,30,,,,,10000.0,-180.0
737,-1,36800,KELP,2021,30,,,,,2025,30,,,,,2023.0,104.609375
738,-1,36900,KELP,2021,27,,,,,2024,27,,,,,2022.5,136.09375
739,-1,36900,RAINFOREST_RESIN,9996,1,9995.0,26.0,,,10004,1,10005.0,26.0,,,10000.0,-180.0
740,-1,37000,RAINFOREST_RESIN,9996,2,9995.0,23.0,,,10004,2,10005.0,23.0,,,10000.0,-180.0
741,-1,37000,KELP,2020,25,,,,,2024,25,,,,,2022.0,155.1171875
742,-1,37100,KELP,2021,27,,,,,2024,23,,,,,2022.5,123.28125
743,-1,37100,RAINFOREST_RESIN,9996,2,9995.0,21.0,,,10004,2,10005.0,21.0,,,10000.0,-180.0
744,-1,37200,RAINFOREST_RESIN,9996,1,9995.0,20.0,,,10004,1,10005.0,20.0,,,10000.0,-180.0
745,-1,37200,KELP,2021,25,,,,,2024,21,,,,,2022.5,126.3515625
746,-1,37300,KELP,2022,4,2021.0,28.0,,,2024,1,2025.0,27.0,,,2023.0,111.4140625
747,-1,37300,RAINFOREST_RESIN,9996,1,9995.0,27.0,,,9998,10,10002.0,4.0,10004.0,1.0,9997.0,-180.0
748,-1,37400,RAINFOREST_RESIN,10002,1,9998.0,2.0,9995.0,30.0,10005,30,,,,,10003.5,-180.0
749,-1,37400,KELP,2021,30,,,,,2024,30,,,,,2022.5,116.3828125
750,-1,37500,KELP,2020,27,,,,,2024,27,,,,,2022.0,151.9765625
751,-1,37500,RAINFOREST_RESIN,9996,2,9995.0,25.0,,,10004,2,10005.0,25.0,,,10000.0,-180.0
752,-1,37600,KELP,2020,22,,,,,2024,22,,,,,2022.0,159.125
753,-1,37600,RAINFOREST_RESIN,9995,22,,,,,10002,7,10005.0,22.0,,,9998.5,-180.0
754,-1,37700,RAINFOREST_RESIN,9996,1,9995.0,23.0,,,10004,1,10005.0,23.0,,,10000.0,-180.0
755,-1,37700,KELP,2020,24,,,,,2024,24,,,,,2022.0,157.0703125
756,-1,37800,RAINFOREST_RESIN,9995,25,,,,,10005,25,,,,,10000.0,-180.0
757,-1,37800,KELP,2020,24,,,,,2024,25,,,,,2022.0,162.0
758,-1,37900,KELP,2019,25,,,,,2023,25,,,,,2021.0,202.2265625
759,-1,37900,RAINFOREST_RESIN,9995,25,,,,,10005,25,,,,,10000.0,-180.0
760,-1,38000,KELP,2019,32,,,,,2021,4,2023.0,32.0,,,2020.0,202.6640625
761,-1,38000,RAINFOREST_RESIN,10002,1,9996.0,2.0,9995.0,30.0,10004,2,10005.0,30.0,,,10003.0,-180.0
762,-1,38100,RAINFOREST_RESIN,9996,2,9995.0,26.0,,,10002,2,10004.0,2.0,10005.0,26.0,9999.0,-180.0
763,-1,38100,KELP,2019,28,,,,,2022,2,2023.0,26.0,,,2020.5,209.9140625
764,-1,38200,RAINFOREST_RESIN,9996,1,9995.0,27.0,,,10004,1,10005.0,27.0,,,10000.0,-180.0
765,-1,38200,KELP,2019,28,,,,,2023,28,,,,,2021.0,197.0625
766,-1,38300,KELP,2019,26,,,,,2022,26,,,,,2020.5,215.046875
767,-1,38300,RAINFOREST_RESIN,9998,5,9995.0,26.0,,,10005,26,,,,,10001.5,-180.0
768,-1,38400,KELP,2019,24,,,,,2020,6,2022.0,24.0,,,2019.5,217.1953125
769,-1,38400,RAINFOREST_RESIN,9996,1,9995.0,23.0,,,10000,6,10004.0,1.0,10005.0,23.0,9998.0,-180.0
770,-1,38500,RAINFOREST_RESIN,10002,1,9995.0,21.0,,,10005,21,,,,,10003.5,-180.0
771,-1,38500,KELP,2019,21,,,,,2022,21,,,,,2020.5,224.1015625
772,-1,38600,RAINFOREST_RESIN,9996,2,9995.0,28.0,,,10004,2,10005.0,28.0,,,10000.0,-180.0
773,-1,38600,KELP,2019,30,,,,,2022,30,,,,,2020.5,221.4609375
774,-1,38700,KELP,2019,20,,,,,2022,20,,,,,2020.5,219.2734375
775,-1,38700,RAINFOREST_RESIN,9995,20,,,,,10005,20,,,,,10000.0,-180.0
776,-1,38800,KELP,2019,21,,,,,2020,2,2021.0,1.0,2022.0,21.0,2019.5,219.15625
777,-1,38800,RAINFOREST_RESIN,9996,1,9995.0,20.0,,,10002,1,10004.0,1.0,10005.0,20.0,9999.0,-180.0
778,-1,38900,RAINFOREST_RESIN,9996,2,9995.0,30.0,,,10004,2,10005.0,30.0,,,10000.0,-180.0
779,-1,38900,KELP,2019,32,,,,,2021,7,2022.0,2.0,2023.0,30.0,2020.0,212.0859375
780,-1,39000,RAINFOREST_RESIN,9995,23,,,,,10002,9,10005.0,23.0,,,9998.5,-180.0
781,-1,39000,KELP,2019,23,,,,,2023,23,,,,,2021.0,202.2109375
782,-1,39100,KELP,2020,25,,,,,2023,25,,,,,2021.5,179.3359375
783,-1,39100,RAINFOREST_RESIN,9998,8,9996.0,1.0,9995.0,24.0,10004,1,10005.0,24.0,,,10001.0,-180.0
784,-1,39200,KELP,2020,30,,,,,2022,2,2023.0,30.0,,,2021.0,174.0859375
785,-1,39200,RAINFOREST_RESIN,9996,1,9995.0,29.0,,,10004,1,10005.0,29.0,,,10000.0,-180.0
786,-1,39300,RAINFOREST_RESIN,9995,27,,,,,10005,27,,,,,10000.0,-180.0
787,-1,39300,KELP,2020,27,,,,,2023,27,,,,,2021.5,166.5859375
788,-1,39400,RAINFOREST_RESIN,9996,1,9995.0,30.0,,,10004,1,10005.0,30.0,,,10000.0,-180.0
789,-1,39400,KELP,2020,31,,,,,2022,5,2023.0,31.0,,,2021.0,183.9453125
790,-1,39500,KELP,2019,27,,,,,2021,3,2022.0,27.0,,,2020.0,224.0859375
791,-1,39500,RAINFOREST_RESIN,9995,27,,,,,9998,1,10002.0,2.0,10005.0,27.0,9996.5,-180.0
792,-1,39600,KELP,2021,4,2019.0,23.0,,,2023,23,,,,,2022.0,207.453125
793,-1,39600,RAINFOREST_RESIN,9995,23,,,,,10005,23,,,,,10000.0,-180.0
794,-1,39700,RAINFOREST_RESIN,9996,2,9995.0,22.0,,,10004,2,10005.0,22.0,,,10000.0,-180.0
795,-1,39700,KELP,2019,28,,,,,2022,2,2023.0,22.0,,,2020.5,211.7890625
796,-1,39800,RAINFOREST_RESIN,9996,1,9995.0,27.0,,,10004,1,10005.0,27.0,,,10000.0,-180.0
797,-1,39800,KELP,2019,28,,,,,2022,1,2023.0,27.0,,,2020.5,212.109375
798,-1,39900,KELP,2019,31,,,,,2022,31,,,,,2020.5,225.75
799,-1,39900,RAINFOREST_RESIN,9996,1,9995.0,30.0,,,10002,4,10004.0,1.0,10005.0,30.0,9999.0,-180.0
800,-1,40000,KELP,2018,22,,,,,2022,22,,,,,2020.0,242.6328125
801,-1,40000,RAINFOREST_RESIN,9995,22,,,,,10005,22,,,,,10000.0,-180.0
802,-1,40100,RAINFOREST_RESIN,9996,2,9995.0,29.0,,,10002,8,10004.0,2.0,10005.0,29.0,9999.0,-180.0
803,-1,40100,KELP,2019,31,,,,,2022,31,,,,,2020.5,226.484375
804,-1,40200,RAINFOREST_RESIN,9996,1,9995.0,28.0,,,10004,1,10005.0,28.0,,,10000.0,-180.0
805,-1,40200,KELP,2019,1,2018.0,28.0,,,2022,29,,,,,2020.5,243.5
806,-1,40300,KELP,2019,22,,,,,2022,22,,,,,2020.5,236.578125
807,-1,40300,RAINFOREST_RESIN,9995,22,,,,,9998,1,10005.0,22.0,,,9996.5,-180.0
808,-1,40400,KELP,2018,24,,,,,2022,24,,,,,2020.0,248.96875
809,-1,40400,RAINFOREST_RESIN,9996,1,9995.0,23.0,,,10004,1,10005.0,23.0,,,10000.0,-180.0
810,-1,40500,RAINFOREST_RESIN,10002,1,9996.0,2.0,9995.0,27.0,10004,2,10005.0,27.0,,,10003.0,-180.0
811,-1,40500,KELP,2019,1,2018.0,27.0,,,2022,29,,,,,2020.5,245.34375
812,-1,40600,RAINFOREST_RESIN,9996,2,9995.0,24.0,,,10004,2,10005.0,24.0,,,10000.0,-180.0
813,-1,40600,KELP,2019,4,2018.0,26.0,,,2022,26,,,,,2020.5,252.125
814,-1,40700,KELP,2018,22,,,,,2021,22,,,,,2019.5,280.28125
815,-1,40700,RAINFOREST_RESIN,9998,7,9996.0,2.0,9995.0,20.0,10004,2,10005.0,20.0,,,10001.0,-180.0
816,-1,40800,KELP,2018,27,,,,,2021,27,,,,,2019.5,268.6640625
817,-1,40800,RAINFOREST_RESIN,9995,27,,,,,10005,27,,,,,10000.0,-180.0
818,-1,40900,RAINFOREST_RESIN,9998,10,9996.0,2.0,9995.0,26.0,10004,2,10005.0,26.0,,,10001.0,-180.0
819,-1,40900,KELP,2017,28,,,,,2021,28,,,,,2019.0,298.25
820,-1,41000,RAINFOREST_RESIN,9995,21,,,,,10002,10,10005.0,21.0,,,9998.5,-180.0
821,-1,41000,KELP,2018,20,,,,,2020,3,2021.0,21.0,,,2019.0,272.1796875
822,-1,41100,KELP,2018,24,,,,,2021,27,,,,,2019.5,274.5703125
823,-1,41100,RAINFOREST_RESIN,9995,27,,,,,10005,27,,,,,10000.0,-180.0
824,-1,41200,KELP,2018,29,,,,,2021,29,,,,,2019.5,275.296875
825,-1,41200,RAINFOREST_RESIN,9995,29,,,,,10005,29,,,,,10000.0,-180.0
826,-1,41300,RAINFOREST_RESIN,9998,2,9996.0,1.0,9995.0,24.0,10004,1,10005.0,24.0,,,10001.0,-180.0
827,-1,41300,KELP,2017,25,,,,,2019,4,2021.0,25.0,,,2018.0,301.734375
828,-1,41400,RAINFOREST_RESIN,9998,5,9996.0,2.0,9995.0,23.0,10000,4,10004.0,2.0,10005.0,23.0,9999.0,-180.0
829,-1,41400,KELP,2017,25,,,,,2018,4,2019.0,5.0,2020.0,25.0,2017.5,336.6328125
830,-1,41500,KELP,2017,22,,,,,2019,1,2021.0,22.0,,,2018.0,305.71875
831,-1,41500,RAINFOREST_RESIN,9998,8,9996.0,2.0,9995.0,20.0,10004,2,10005.0,20.0,,,10001.0,-180.0
832,-1,41600,KELP,2017,23,,,,,2019,7,2020.0,1.0,2021.0,22.0,2018.0,309.25
833,-1,41600,RAINFOREST_RESIN,9996,1,9995.0,22.0,,,10004,1,10005.0,22.0,,,10000.0,-180.0
834,-1,41700,RAINFOREST_RESIN,10000,5,9995.0,21.0,,,10005,21,,,,,10002.5,-180.0
835,-1,41700,KELP,2019,4,2017.0,21.0,,,2021,21,,,,,2020.0,299.9609375
836,-1,41800,RAINFOREST_RESIN,9996,2,9995.0,22.0,,,10004,2,10005.0,22.0,,,10000.0,-180.0
837,-1,41800,KELP,2018,24,,,,,2021,24,,,,,2019.5,279.078125
838,-1,41900,KELP,2018,22,,,,,2020,1,2021.0,22.0,,,2019.0,276.5546875
839,-1,41900,RAINFOREST_RESIN,9996,1,9995.0,21.0,,,9998,4,10004.0,1.0,10005.0,21.0,9997.0,-180.0
840,-1,42000,KELP,2018,31,,,,,2020,5,2021.0,32.0,,,2019.0,267.390625
841,-1,42000,RAINFOREST_RESIN,9996,2,9995.0,30.0,,,10004,2,10005.0,30.0,,,10000.0,-180.0
842,-1,42100,RAINFOREST_RESIN,9998,8,9996.0,2.0,9995.0,21.0,10004,2,10005.0,21.0,,,10001.0,-180.0
843,-1,42100,KELP,2018,23,,,,,2021,2,2022.0,21.0,,,2019.5,260.9453125
844,-1,42200,RAINFOREST_RESIN,10002,1,9995.0,28.0,,,10005,28,,,,,10003.5,-180.0
845,-1,42200,KELP,2018,28,,,,,2022,28,,,,,2020.0,258.6640625
846,-1,42300,KELP,2018,20,,,,,2019,7,2020.0,2.0,2022.0,20.0,2018.5,256.1640625
847,-1,42300,RAINFOREST_RESIN,9995,20,,,,,10005,20,,,,,10000.0,-180.0
848,-1,42400,KELP,2019,30,,,,,2022,31,,,,,2020.5,238.484375
849,-1,42400,RAINFOREST_RESIN,9996,2,9995.0,29.0,,,10004,2,10005.0,29.0,,,10000.0,-180.0
850,-1,42500,RAINFOREST_RESIN,9995,24,,,,,10002,3,10005.0,24.0,,,9998.5,-180.0
851,-1,42500,KELP,2019,24,,,,,2022,24,,,,,2020.5,239.8671875
852,-1,42600,RAINFOREST_RESIN,9995,26,,,,,10005,26,,,,,10000.0,-180.0
853,-1,42600,KELP,2019,26,,,,,2022,26,,,,,2020.5,234.921875
854,-1,42700,KELP,2018,26,,,,,2022,26,,,,,2020.0,251.203125
855,-1,42700,RAINFOREST_RESIN,9995,26,,,,,10005,26,,,,,10000.0,-180.0
856,-1,42800,KELP,2019,30,,,,,2022,30,,,,,2020.5,239.0234375
857,-1,42800,RAINFOREST_RESIN,9995,30,,,,,10005,30,,,,,10000.0,-180.0
858,-1,42900,RAINFOREST_RESIN,9995,25,,,,,10005,25,,,,,10000.0,-180.0
859,-1,42900,KELP,2019,25,,,,,2022,25,,,,,2020.5,227.5
860,-1,43000,RAINFOREST_RESIN,9995,23,,,,,10005,23,,,,,10000.0,-180.0
861,-1,43000,KELP,2020,2,2019.0,23.0,,,2023,23,,,,,2021.5,203.15625
862,-1,43100,KELP,2020,21,,,,,2023,21,,,,,2021.5,185.265625
863,-1,43100,RAINFOREST_RESIN,9995,21,,,,,10005,21,,,,,10000.0,-180.0
864,-1,43200,KELP,2019,21,,,,,2023,21,,,,,2021.0,197.75
865,-1,43200,RAINFOREST_RESIN,9996,1,9995.0,20.0,,,10004,1,10005.0,20.0,,,10000.0,-180.0
866,-1,43300,RAINFOREST_RESIN,9996,1,9995.0,24.0,,,10004,1,10005.0,24.0,,,10000.0,-180.0
867,-1,43300,KELP,2019,25,,,,,2021,2,2023.0,25.0,,,2020.0,198.03125
868,-1,43400,RAINFOREST_RESIN,9996,2,9995.0,22.0,,,10004,2,10005.0,22.0,,,10000.0,-180.0
869,-1,43400,KELP,2021,4,2020.0,24.0,,,2023,24,,,,,2022.0,190.90625
870,-1,43500,KELP,2020,22,,,,,2022,7,2023.0,23.0,,,2021.0,187.34375
871,-1,43500,RAINFOREST_RESIN,9998,7,9995.0,23.0,,,10005,23,,,,,10001.5,-180.0
872,-1,43600,KELP,2020,5,2019.0,21.0,,,2023,23,,,,,2021.5,193.65625
873,-1,43600,RAINFOREST_RESIN,9996,2,9995.0,21.0,,,10002,9,10004.0,2.0,10005.0,21.0,9999.0,-180.0
874,-1,43700,KELP,2020,24,,,,,2023,24,,,,,2021.5,189.0234375
875,-1,43700,RAINFOREST_RESIN,9996,1,9995.0,23.0,,,10004,1,10005.0,23.0,,,10000.0,-180.0
876,-1,43800,RAINFOREST_RESIN,9996,2,9995.0,26.0,,,10004,2,10005.0,26.0,,,10000.0,-180.0
877,-1,43800,KELP,2020,35,,,,,2023,28,,,,,2021.5,181.4453125
878,-1,43900,KELP,2020,36,,,,,2023,30,,,,,2021.5,190.6015625
879,-1,43900,RAINFOREST_RESIN,10002,4,9998.0,2.0,9996.0,1.0,10004,1,10005.0,29.0,,,10003.0,-180.0
880,-1,44000,RAINFOREST_RESIN,9996,2,9995.0,20.0,,,10004,2,10005.0,20.0,,,10000.0,-180.0
881,-1,44000,KELP,2020,22,,,,,2022,3,2023.0,22.0,,,2021.0,180.75
882,-1,44100,KELP,2019,24,,,,,2023,24,,,,,2021.0,205.3046875
883,-1,44100,RAINFOREST_RESIN,9995,24,,,,,9998,1,10002.0,2.0,10005.0,24.0,9996.5,-180.0
884,-1,44200,RAINFOREST_RESIN,9995,21,,,,,10005,21,,,,,10000.0,-180.0
885,-1,44200,KELP,2019,21,,,,,2023,21,,,,,2021.0,207.703125
886,-1,44300,KELP,2019,27,,,,,2023,27,,,,,2021.0,204.2578125
887,-1,44300,RAINFOREST_RESIN,9995,27,,,,,10005,27,,,,,10000.0,-180.0
888,-1,44400,RAINFOREST_RESIN,9998,7,9995.0,28.0,,,10005,28,,,,,10001.5,-180.0
889,-1,44400,KELP,2018,28,,,,,2022,28,,,,,2020.0,245.234375
890,-1,44500,KELP,2021,1,2019.0,2.0,2018.0,21.0,2022,21,,,,,2021.5,243.109375
891,-1,44500,RAINFOREST_RESIN,9995,21,,,,,10005,21,,,,,10000.0,-180.0
892,-1,44600,RAINFOREST_RESIN,9996,1,9995.0,23.0,,,10004,1,10005.0,23.0,,,10000.0,-180.0
893,-1,44600,KELP,2019,24,,,,,2022,24,,,,,2020.5,234.0859375
894,-1,44700,KELP,2019,29,,,,,2022,29,,,,,2020.5,236.4140625
895,-1,44700,RAINFOREST_RESIN,9995,29,,,,,10002,10,10005.0,29.0,,,9998.5,-180.0
896,-1,44800,RAINFOREST_RESIN,9995,29,,,,,9998,1,10002.0,10.0,10005.0,29.0,9996.5,-180.0
897,-1,44800,KELP,2018,29,,,,,2022,29,,,,,2020.0,246.4609375
898,-1,44900,KELP,2019,1,2018.0,26.0,,,2022,26,,,,,2020.5,250.1328125
899,-1,44900,RAINFOREST_RESIN,9996,1,9995.0,25.0,,,10004,1,10005.0,25.0,,,10000.0,-180.0
900,-1,45000,RAINFOREST_RESIN,10002,1,9996.0,2.0,9995.0,24.0,10004,2,10005.0,24.0,,,10003.0,-180.0
901,-1,45000,KELP,2018,26,,,,,2022,26,,,,,2020.0,249.1484375
902,-1,45100,KELP,2019,27,,,,,2021,5,2022.0,27.0,,,2020.0,238.2890625
903,-1,45100,RAINFOREST_RESIN,9996,1,9995.0,26.0,,,10004,1,10005.0,26.0,,,10000.0,-180.0
904,-1,45200,RAINFOREST_RESIN,9996,1,9995.0,28.0,,,10004,1,10005.0,28.0,,,10000.0,-180.0
905,-1,45200,KELP,2019,29,,,,,2021,6,2022.0,29.0,,,2020.0,240.5390625
906,-1,45300,KELP,2018,26,,,,,2021,22,,,,,2019.5,265.6328125
907,-1,45300,RAINFOREST_RESIN,9995,22,,,,,10005,22,,,,,10000.0,-180.0
908,-1,45400,RAINFOREST_RESIN,9996,2,9995.0,21.0,,,9998,1,10004.0,2.0,10005.0,21.0,9997.0,-180.0
909,-1,45400,KELP,2018,22,,,,,2020,2,2021.0,23.0,,,2019.0,280.6875
910,-1,45500,KELP,2018,25,,,,,2019,3,2021.0,25.0,,,2018.5,276.3515625
911,-1,45500,RAINFOREST_RESIN,9996,1,9995.0,24.0,,,10000,3,10004.0,1.0,10005.0,24.0,9998.0,-180.0
912,-1,45600,RAINFOREST_RESIN,9995,26,,,,,10002,5,10005.0,26.0,,,9998.5,-180.0
913,-1,45600,KELP,2018,33,,,,,2021,26,,,,,2019.5,271.4375
914,-1,45700,KELP,2018,24,,,,,2021,24,,,,,2019.5,270.765625
915,-1,45700,RAINFOREST_RESIN,9995,24,,,,,10005,24,,,,,10000.0,-180.0
916,-1,45800,RAINFOREST_RESIN,9996,1,9995.0,27.0,,,10004,1,10005.0,27.0,,,10000.0,-180.0
917,-1,45800,KELP,2018,27,,,,,2021,28,,,,,2019.5,267.5546875
918,-1,45900,KELP,2019,4,2018.0,31.0,,,2022,31,,,,,2020.5,253.8203125
919,-1,45900,RAINFOREST_RESIN,9996,1,9995.0,30.0,,,10004,1,10005.0,30.0,,,10000.0,-180.0
920,-1,46000,RAINFOREST_RESIN,9996,2,9995.0,24.0,,,10004,2,10005.0,24.0,,,10000.0,-180.0
921,-1,46000,KELP,2019,2,2018.0,24.0,,,2022,26,,,,,2020.5,241.9453125
922,-1,46100,KELP,2019,25,,,,,2022,25,,,,,2020.5,237.78125
923,-1,46100,RAINFOREST_RESIN,9998,6,9996.0,2.0,9995.0,23.0,10004,2,10005.0,23.0,,,10001.0,-180.0
924,-1,46200,RAINFOREST_RESIN,9998,2,9996.0,1.0,9995.0,27.0,10004,1,10005.0,27.0,,,10001.0,-180.0
925,-1,46200,KELP,2018,28,,,,,2021,1,2022.0,27.0,,,2019.5,259.0234375
926,-1,46300,KELP,2018,29,,,,,2021,29,,,,,2019.5,271.1015625
927,-1,46300,RAINFOREST_RESIN,9996,2,9995.0,27.0,,,10004,2,10005.0,27.0,,,10000.0,-180.0
928,-1,46400,RAINFOREST_RESIN,9995,22,,,,,10005,22,,,,,10000.0,-180.0
929,-1,46400,KELP,2018,22,,,,,2022,22,,,,,2020.0,260.25
930,-1,46500,KELP,2019,6,2018.0,31.0,,,2021,31,,,,,2020.0,263.1015625
931,-1,46500,RAINFOREST_RESIN,10000,6,9996.0,1.0,9995.0,30.0,10004,1,10005.0,30.0,,,10002.0,-180.0
932,-1,46600,KELP,2019,3,2018.0,28.0,,,2021,1,2022.0,27.0,,,2020.0,258.6484375
933,-1,46600,RAINFOREST_RESIN,9998,10,9996.0,1.0,9995.0,27.0,10004,1,10005.0,27.0,,,10001.0,-180.0
934,-1,46700,RAINFOREST_RESIN,9995,26,,,,,10005,26,,,,,10000.0,-180.0
935,-1,46700,KELP,2019,26,,,,,2022,26,,,,,2020.5,239.6875
936,-1,46800,RAINFOREST_RESIN,9996,1,9995.0,21.0,,,10004,1,10005.0,21.0,,,10000.0,-180.0
937,-1,46800,KELP,2019,22,,,,,2022,22,,,,,2020.5,227.2890625
938,-1,46900,KELP,2021,1,2019.0,32.0,,,2022,32,,,,,2021.5,238.375
939,-1,46900,RAINFOREST_RESIN,9996,2,9995.0,30.0,,,10004,2,10005.0,30.0,,,10000.0,-180.0
940,-1,47000,KELP,2019,21,,,,,2022,21,,,,,2020.5,234.671875
941,-1,47000,RAINFOREST_RESIN,9996,1,9995.0,20.0,,,10004,1,10005.0,20.0,,,10000.0,-180.0
942,-1,47100,RAINFOREST_RESIN,9996,2,9995.0,24.0,,,9998,1,10004.0,2.0,10005.0,24.0,9997.0,-180.0
943,-1,47100,KELP,2019,22,,,,,2022,26,,,,,2020.5,238.328125
944,-1,47200,RAINFOREST_RESIN,10002,1,9996.0,2.0,9995.0,28.0,10004,2,10005.0,28.0,,,10003.0,-180.0
945,-1,47200,KELP,2019,30,,,,,2022,30,,,,,2020.5,236.9453125
946,-1,47300,KELP,2019,25,,,,,2021,1,2022.0,25.0,,,2020.0,232.953125
947,-1,47300,RAINFOREST_RESIN,10002,1,9998.0,3.0,9995.0,25.0,10005,25,,,,,10003.5,-180.0
948,-1,47400,KELP,2019,25,,,,,2022,24,,,,,2020.5,223.1953125
949,-1,47400,RAINFOREST_RESIN,9995,24,,,,,10002,9,10005.0,24.0,,,9998.5,-180.0
950,-1,47500,RAINFOREST_RESIN,9995,30,,,,,10002,1,10005.0,30.0,,,9998.5,-180.0
951,-1,47500,KELP,2019,30,,,,,2021,6,2022.0,30.0,,,2020.0,224.3125
952,-1,47600,RAINFOREST_RESIN,9996,1,9995.0,27.0,,,10004,1,10005.0,27.0,,,10000.0,-180.0
953,-1,47600,KELP,2019,28,,,,,2022,28,,,,,2020.5,215.6640625
954,-1,47700,KELP,2019,23,,,,,2022,23,,,,,2020.5,213.671875
955,-1,47700,RAINFOREST_RESIN,9996,1,9995.0,22.0,,,10002,8,10004.0,1.0,10005.0,22.0,9999.0,-180.0
956,-1,47800,KELP,2019,23,,,,,2022,1,2023.0,22.0,,,2020.5,211.09375
957,-1,47800,RAINFOREST_RESIN,9996,1,9995.0,22.0,,,10002,8,10004.0,1.0,10005.0,22.0,9999.0,-180.0
958,-1,47900,RAINFOREST_RESIN,10002,1,9995.0,27.0,,,10005,27,,,,,10003.5,-180.0
959,-1,47900,KELP,2019,27,,,,,2023,27,,,,,2021.0,210.234375
960,-1,48000,RAINFOREST_RESIN,9995,27,,,,,10005,27,,,,,10000.0,-180.0
961,-1,48000,KELP,2019,27,,,,,2023,27,,,,,2021.0,211.1796875
962,-1,48100,KELP,2019,22,,,,,2022,21,,,,,2020.5,220.1953125
963,-1,48100,RAINFOREST_RESIN,9995,21,,,,,10002,9,10005.0,21.0,,,9998.5,-180.0
964,-1,48200,KELP,2019,25,,,,,2022,25,,,,,2020.5,222.9609375
965,-1,48200,RAINFOREST_RESIN,9998,5,9995.0,25.0,,,10005,25,,,,,10001.5,-180.0
966,-1,48300,RAINFOREST_RESIN,9996,1,9995.0,28.0,,,9998,1,10000.0,5.0,10004.0,1.0,9997.0,-180.0
967,-1,48300,KELP,2018,29,,,,,2019,5,2022.0,29.0,,,2018.5,256.390625
968,-1,48400,RAINFOREST_RESIN,9995,27,,,,,10002,7,10005.0,27.0,,,9998.5,-180.0
969,-1,48400,KELP,2019,1,2018.0,27.0,,,2022,27,,,,,2020.5,249.6796875
970,-1,48500,KELP,2019,1,2018.0,29.0,,,2022,29,,,,,2020.5,252.296875
971,-1,48500,RAINFOREST_RESIN,9995,29,,,,,9998,1,10005.0,29.0,,,9996.5,-180.0
972,-1,48600,KELP,2019,1,2018.0,29.0,,,2022,29,,,,,2020.5,251.40625
973,-1,48600,RAINFOREST_RESIN,9996,1,9995.0,28.0,,,10004,1,10005.0,28.0,,,10000.0,-180.0
974,-1,48700,RAINFOREST_RESIN,9996,1,9995.0,22.0,,,10004,1,10005.0,22.0,,,10000.0,-180.0
975,-1,48700,KELP,2018,23,,,,,2022,23,,,,,2020.0,254.609375
976,-1,48800,RAINFOREST_RESIN,9996,1,9995.0,23.0,,,10004,1,10005.0,23.0,,,10000.0,-180.0
977,-1,48800,KELP,2019,29,,,,,2022,24,,,,,2020.5,239.8828125
978,-1,48900,KELP,2019,34,,,,,2022,27,,,,,2020.5,234.203125
979,-1,48900,RAINFOREST_RESIN,9995,27,,,,,10005,27,,,,,10000.0,-180.0
980,-1,49000,KELP,2019,39,,,,,2022,32,,,,,2020.5,238.734375
981,-1,49000,RAINFOREST_RESIN,9996,2,9995.0,30.0,,,10004,2,10005.0,30.0,,,10000.0,-180.0
982,-1,49100,RAINFOREST_RESIN,9996,2,9995.0,30.0,,,10004,2,10005.0,30.0,,,10000.0,-180.0
983,-1,49100,KELP,2019,40,,,,,2022,32,,,,,2020.5,224.84375
984,-1,49200,RAINFOREST_RESIN,9996,1,9995.0,20.0,,,10004,1,10005.0,20.0,,,10000.0,-180.0
985,-1,49200,KELP,2019,21,,,,,2022,21,,,,,2020.5,235.984375
986,-1,49300,KELP,2019,21,,,,,2022,22,,,,,2020.5,229.78125
987,-1,49300,RAINFOREST_RESIN,9998,9,9996.0,1.0,9995.0,21.0,10004,1,10005.0,21.0,,,10001.0,-180.0
988,-1,49400,KELP,2021,9,2020.0,5.0,2019.0,20.0,2022,20,,,,,2021.5,236.578125
989,-1,49400,RAINFOREST_RESIN,9995,20,,,,,10005,20,,,,,10000.0,-180.0
990,-1,49500,RAINFOREST_RESIN,9996,2,9995.0,30.0,,,10004,2,10005.0,30.0,,,10000.0,-180.0
991,-1,49500,KELP,2019,40,,,,,2022,32,,,,,2020.5,227.3984375
992,-1,49600,RAINFOREST_RESIN,9995,24,,,,,10005,24,,,,,10000.0,-180.0
993,-1,49600,KELP,2021,1,2019.0,24.0,,,2022,24,,,,,2021.5,219.15625
994,-1,49700,KELP,2019,28,,,,,2022,28,,,,,2020.5,221.609375
995,-1,49700,RAINFOREST_RESIN,9998,7,9996.0,2.0,9995.0,26.0,10004,2,10005.0,26.0,,,10001.0,-180.0
996,-1,49800,KELP,2019,25,,,,,2020,5,2023.0,25.0,,,2019.5,198.5625
997,-1,49800,RAINFOREST_RESIN,9996,2,9995.0,23.0,,,10004,2,10005.0,23.0,,,10000.0,-180.0
998,-1,49900,RAINFOREST_RESIN,9998,3,9995.0,23.0,,,10005,23,,,,,10001.5,-180.0
999,-1,49900,KELP,2019,23,,,,,2023,23,,,,,2021.0,204.1171875
1000,-1,50000,RAINFOREST_RESIN,9996,1,9995.0,20.0,,,10004,1,10005.0,20.0,,,10000.0,-180.0
1001,-1,50000,KELP,2019,21,,,,,2022,1,2023.0,20.0,,,2020.5,209.453125
1002,-1,50100,KELP,2019,24,,,,,2021,2,2022.0,24.0,,,2020.0,215.8984375
1003,-1,50100,RAINFOREST_RESIN,9995,24,,,,,10005,24,,,,,10000.0,-180.0
1004,-1,50200,KELP,2019,24,,,,,2023,24,,,,,2021.0,200.75
1005,-1,50200,RAINFOREST_RESIN,9995,24,,,,,10005,24,,,,,10000.0,-180.0
1006,-1,50300,RAINFOREST_RESIN,9995,30,,,,,10002,10,10005.0,30.0,,,9998.5,-180.0
1007,-1,50300,KELP,2019,30,,,,,2023,30,,,,,2021.0,196.1015625
1008,-1,50400,RAINFOREST_RESIN,9998,4,9996.0,1.0,9995.0,22.0,10000,2,10004.0,1.0,10005.0,22.0,9999.0,-180.0
1009,-1,50400,KELP,2019,23,,,,,2021,3,2023.0,23.0,,,2020.0,197.046875
1010,-1,50500,KELP,2019,25,,,,,2023,25,,,,,2021.0,198.7578125
1011,-1,50500,RAINFOREST_RESIN,9996,2,9995.0,23.0,,,10004,2,10005.0,23.0,,,10000.0,-180.0
1012,-1,50600,KELP,2019,21,,,,,2020,6,2023.0,23.0,,,2019.5,194.8828125
1013,-1,50600,RAINFOREST_RESIN,10002,1,9996.0,2.0,9995.0,21.0,10004,2,10005.0,21.0,,,10003.0,-180.0
1014,-1,50700,RAINFOREST_RESIN,9996,2,9995.0,22.0,,,10004,2,10005.0,22.0,,,10000.0,-180.0
1015,-1,50700,KELP,2020,24,,,,,2023,24,,,,,2021.5,191.21875
1016,-1,50800,RAINFOREST_RESIN,10002,5,9996.0,2.0,9995.0,22.0,10004,2,10005.0,22.0,,,10003.0,-180.0
1017,-1,50800,KELP,2022,1,2020.0,24.0,,,2023,24,,,,,2022.5,184.21875
1018,-1,50900,KELP,2020,28,,,,,2022,4,2023.0,28.0,,,2021.0,181.0625
1019,-1,50900,RAINFOREST_RESIN,9996,1,9995.0,27.0,,,10004,1,10005.0,27.0,,,10000.0,-180.0
1020,-1,51000,KELP,2020,28,,,,,2023,28,,,,,2021.5,185.5390625
1021,-1,51000,RAINFOREST_RESIN,9996,2,9995.0,26.0,,,10004,2,10005.0,26.0,,,10000.0,-180.0
1022,-1,51100,RAINFOREST_RESIN,9998,6,9996.0,1.0,9995.0,25.0,10004,1,10005.0,25.0,,,10001.0,-180.0
1023,-1,51100,KELP,2020,26,,,,,2023,26,,,,,2021.5,175.9609375
1024,-1,51200,RAINFOREST_RESIN,9996,2,9995.0,28.0,,,10004,2,10005.0,28.0,,,10000.0,-180.0
1025,-1,51200,KELP,2020,30,,,,,2023,30,,,,,2021.5,182.109375
1026,-1,51300,KELP,2020,25,,,,,2023,25,,,,,2021.5,164.65625
1027,-1,51300,RAINFOREST_RESIN,9996,1,9995.0,24.0,,,10004,1,10005.0,24.0,,,10000.0,-180.0
1028,-1,51400,KELP,2020,30,,,,,2023,30,,,,,2021.5,174.734375
1029,-1,51400,RAINFOREST_RESIN,9995,30,,,,,10002,3,10005.0,30.0,,,9998.5,-180.0
1030,-1,51500,RAINFOREST_RESIN,9995,30,,,,,10005,30,,,,,10000.0,-180.0
1031,-1,51500,KELP,2022,1,2020.0,30.0,,,2023,30,,,,,2022.5,175.890625
1032,-1,51600,RAINFOREST_RESIN,10000,5,9996.0,2.0,9995.0,22.0,10002,1,10004.0,2.0,10005.0,22.0,10001.0,-180.0
1033,-1,51600,KELP,2021,5,2020.0,24.0,,,2023,24,,,,,2022.0,173.4296875
1034,-1,51700,KELP,2020,16,,,,,2023,20,,,,,2021.5,181.0625
1035,-1,51700,RAINFOREST_RESIN,9995,20,,,,,10005,20,,,,,10000.0,-180.0
1036,-1,51800,KELP,2020,1,2019.0,24.0,,,2023,25,,,,,2021.5,191.75
1037,-1,51800,RAINFOREST_RESIN,9996,1,9995.0,24.0,,,10004,1,10005.0,24.0,,,10000.0,-180.0
1038,-1,51900,RAINFOREST_RESIN,9996,1,9995.0,23.0,,,10004,1,10005.0,23.0,,,10000.0,-180.0
1039,-1,51900,KELP,2021,4,2019.0,24.0,,,2023,24,,,,,2022.0,201.3984375
1040,-1,52000,RAINFOREST_RESIN,9998,3,9995.0,29.0,,,10005,29,,,,,10001.5,-180.0
1041,-1,52000,KELP,2019,29,,,,,2021,6,2023.0,29.0,,,2020.0,195.859375
1042,-1,52100,KELP,2019,21,,,,,2023,21,,,,,2021.0,194.84375
1043,-1,52100,RAINFOREST_RESIN,9995,21,,,,,10005,21,,,,,10000.0,-180.0
1044,-1,52200,KELP,2019,31,,,,,2023,31,,,,,2021.0,203.421875
1045,-1,52200,RAINFOREST_RESIN,9996,2,9995.0,29.0,,,10004,2,10005.0,29.0,,,10000.0,-180.0
1046,-1,52300,RAINFOREST_RESIN,10002,1,9996.0,1.0,9995.0,27.0,10004,1,10005.0,27.0,,,10003.0,-180.0
1047,-1,52300,KELP,2022,1,2019.0,28.0,,,2023,28,,,,,2022.5,198.4609375
1048,-1,52400,RAINFOREST_RESIN,9998,3,9996.0,1.0,9995.0,29.0,10004,1,10005.0,29.0,,,10001.0,-180.0
1049,-1,52400,KELP,2020,30,,,,,2023,30,,,,,2021.5,176.5703125
1050,-1,52500,KELP,2022,1,2020.0,28.0,,,2023,28,,,,,2022.5,179.3125
1051,-1,52500,RAINFOREST_RESIN,9996,1,9995.0,27.0,,,9998,1,10004.0,1.0,10005.0,27.0,9997.0,-180.0
1052,-1,52600,RAINFOREST_RESIN,9998,1,9996.0,1.0,9995.0,22.0,10000,4,10004.0,1.0,10005.0,22.0,9999.0,-180.0
1053,-1,52600,KELP,2020,1,2019.0,22.0,,,2021,4,2023.0,23.0,,,2020.5,196.34375
1054,-1,52700,KELP,2019,26,,,,,2023,27,,,,,2021.0,204.03125
1055,-1,52700,RAINFOREST_RESIN,9996,2,9995.0,25.0,,,10004,2,10005.0,25.0,,,10000.0,-180.0
1056,-1,52800,RAINFOREST_RESIN,9995,26,,,,,10005,26,,,,,10000.0,-180.0
1057,-1,52800,KELP,2019,26,,,,,2023,26,,,,,2021.0,191.7578125
1058,-1,52900,KELP,2020,30,,,,,2023,30,,,,,2021.5,190.125
1059,-1,52900,RAINFOREST_RESIN,9995,30,,,,,10005,30,,,,,10000.0,-180.0
1060,-1,53000,RAINFOREST_RESIN,10002,1,9996.0,1.0,9995.0,20.0,10004,1,10005.0,20.0,,,10003.0,-180.0
1061,-1,53000,KELP,2020,21,,,,,2023,21,,,,,2021.5,182.109375
1062,-1,53100,KELP,2019,24,,,,,2023,24,,,,,2021.0,199.6328125
1063,-1,53100,RAINFOREST_RESIN,9995,24,,,,,10005,24,,,,,10000.0,-180.0
1064,-1,53200,RAINFOREST_RESIN,9996,1,9995.0,30.0,,,10004,1,10005.0,30.0,,,10000.0,-180.0
1065,-1,53200,KELP,2022,1,2019.0,31.0,,,2023,31,,,,,2022.5,197.4140625
1066,-1,53300,KELP,2020,29,,,,,2023,29,,,,,2021.5,189.6875
1067,-1,53300,RAINFOREST_RESIN,9995,29,,,,,10005,29,,,,,10000.0,-180.0
1068,-1,53400,RAINFOREST_RESIN,9998,6,9996.0,2.0,9995.0,23.0,10004,2,10005.0,23.0,,,10001.0,-180.0
1069,-1,53400,KELP,2020,25,,,,,2023,25,,,,,2021.5,178.546875
1070,-1,53500,KELP,2020,23,,,,,2023,23,,,,,2021.5,184.40625
1071,-1,53500,RAINFOREST_RESIN,9996,2,9995.0,21.0,,,10002,1,10004.0,2.0,10005.0,21.0,9999.0,-180.0
1072,-1,53600,RAINFOREST_RESIN,9995,24,,,,,9998,9,10005.0,24.0,,,9996.5,-180.0
1073,-1,53600,KELP,2020,24,,,,,2023,24,,,,,2021.5,190.3515625
1074,-1,53700,KELP,2019,30,,,,,2023,30,,,,,2021.0,196.171875
1075,-1,53700,RAINFOREST_RESIN,9998,1,9995.0,30.0,,,10005,30,,,,,10001.5,-180.0
1076,-1,53800,RAINFOREST_RESIN,10002,3,9995.0,30.0,,,10005,30,,,,,10003.5,-180.0
1077,-1,53800,KELP,2019,30,,,,,2023,30,,,,,2021.0,197.2109375
1078,-1,53900,KELP,2019,27,,,,,2023,27,,,,,2021.0,200.2265625
1079,-1,53900,RAINFOREST_RESIN,9996,2,9995.0,25.0,,,10004,2,10005.0,25.0,,,10000.0,-180.0
1080,-1,54000,RAINFOREST_RESIN,9998,6,9996.0,1.0,9995.0,30.0,10004,1,10005.0,30.0,,,10001.0,-180.0
1081,-1,54000,KELP,2020,31,,,,,2022,1,2023.0,31.0,,,2021.0,182.3671875
1082,-1,54100,KELP,2020,24,,,,,2022,2,2023.0,24.0,,,2021.0,184.3515625
1083,-1,54100,RAINFOREST_RESIN,9998,2,9996.0,2.0,9995.0,22.0,10004,2,10005.0,22.0,,,10001.0,-180.0
1084,-1,54200,RAINFOREST_RESIN,9995,28,,,,,10005,28,,,,,10000.0,-180.0
1085,-1,54200,KELP,2020,28,,,,,2023,28,,,,,2021.5,185.75
1086,-1,54300,KELP,2022,1,2019.0,25.0,,,2023,25,,,,,2022.5,202.40625
1087,-1,54300,RAINFOREST_RESIN,9996,2,9995.0,23.0,,,10004,2,10005.0,23.0,,,10000.0,-180.0
1088,-1,54400,RAINFOREST_RESIN,9995,29,,,,,10005,29,,,,,10000.0,-180.0
1089,-1,54400,KELP,2019,29,,,,,2022,29,,,,,2020.5,213.9921875
1090,-1,54500,KELP,2019,21,,,,,2022,21,,,,,2020.5,218.8046875
1091,-1,54500,RAINFOREST_RESIN,9996,1,9995.0,20.0,,,10004,1,10005.0,20.0,,,10000.0,-180.0
1092,-1,54600,RAINFOREST_RESIN,10002,3,9995.0,27.0,,,10005,27,,,,,10003.5,-180.0
1093,-1,54600,KELP,2019,27,,,,,2023,27,,,,,2021.0,212.3046875
1094,-1,54700,KELP,2019,29,,,,,2020,4,2022.0,29.0,,,2019.5,214.203125
1095,-1,54700,RAINFOREST_RESIN,9996,2,9995.0,27.0,,,10004,2,10005.0,27.0,,,10000.0,-180.0
1096,-1,54800,RAINFOREST_RESIN,9998,8,9995.0,27.0,,,10005,27,,,,,10001.5,-180.0
1097,-1,54800,KELP,2019,27,,,,,2021,1,2022.0,27.0,,,2020.0,215.8984375
1098,-1,54900,KELP,2019,29,,,,,2022,29,,,,,2020.5,218.5
1099,-1,54900,RAINFOREST_RESIN,9996,1,9995.0,28.0,,,10002,3,10004.0,1.0,10005.0,28.0,9999.0,-180.0
1100,-1,55000,RAINFOREST_RESIN,9996,2,9995.0,28.0,,,10002,8,10004.0,2.0,10005.0,28.0,9999.0,-180.0
1101,-1,55000,KELP,2019,36,,,,,2022,30,,,,,2020.5,229.6640625
1102,-1,55100,KELP,2019,37,,,,,2022,29,,,,,2020.5,237.3125
1103,-1,55100,RAINFOREST_RESIN,9995,29,,,,,10005,29,,,,,10000.0,-180.0
1104,-1,55200,RAINFOREST_RESIN,9996,2,9995.0,21.0,,,10004,2,10005.0,21.0,,,10000.0,-180.0
1105,-1,55200,KELP,2018,21,,,,,2019,3,2020.0,8.0,2022.0,23.0,2018.5,243.9765625
1106,-1,55300,RAINFOREST_RESIN,9996,2,9995.0,27.0,,,9998,1,10002.0,2.0,10004.0,2.0,9997.0,-180.0
1107,-1,55300,KELP,2018,29,,,,,2022,29,,,,,2020.0,248.5625
1108,-1,55400,RAINFOREST_RESIN,9998,3,9996.0,1.0,9995.0,21.0,10004,1,10005.0,21.0,,,10001.0,-180.0
1109,-1,55400,KELP,2019,2,2018.0,22.0,,,2022,22,,,,,2020.5,247.0390625
1110,-1,55500,KELP,2021,1,2019.0,4.0,2018.0,25.0,2022,25,,,,,2021.5,243.3125
1111,-1,55500,RAINFOREST_RESIN,9995,25,,,,,10002,9,10005.0,25.0,,,9998.5,-180.0
1112,-1,55600,KELP,2019,3,2018.0,26.0,,,2022,26,,,,,2020.5,245.7890625
1113,-1,55600,RAINFOREST_RESIN,9995,26,,,,,10005,26,,,,,10000.0,-180.0
1114,-1,55700,RAINFOREST_RESIN,9996,2,9995.0,21.0,,,10004,2,10005.0,21.0,,,10000.0,-180.0
1115,-1,55700,KELP,2019,25,,,,,2022,23,,,,,2020.5,241.2890625
1116,-1,55800,RAINFOREST_RESIN,9998,6,9996.0,1.0,9995.0,26.0,10004,1,10005.0,26.0,,,10001.0,-180.0
1117,-1,55800,KELP,2018,27,,,,,2022,27,,,,,2020.0,246.8671875
1118,-1,55900,KELP,2018,22,,,,,2022,22,,,,,2020.0,256.2109375
1119,-1,55900,RAINFOREST_RESIN,9995,22,,,,,10005,22,,,,,10000.0,-180.0
1120,-1,56000,KELP,2018,24,,,,,2019,3,2021.0,2.0,2022.0,22.0,2018.5,260.703125
1121,-1,56000,RAINFOREST_RESIN,9996,2,9995.0,22.0,,,10002,10,10004.0,2.0,10005.0,22.0,9999.0,-180.0
1122,-1,56100,RAINFOREST_RESIN,9996,2,9995.0,20.0,,,10004,2,10005.0,20.0,,,10000.0,-180.0
1123,-1,56100,KELP,2019,22,,,,,2022,22,,,,,2020.5,235.4765625
1124,-1,56200,RAINFOREST_RESIN,9996,1,9995.0,29.0,,,10004,1,10005.0,29.0,,,10000.0,-180.0
1125,-1,56200,KELP,2020,2,2018.0,30.0,,,2022,30,,,,,2021.0,246.90625
1126,-1,56300,KELP,2019,6,2018.0,27.0,,,2022,27,,,,,2020.5,248.21875
1127,-1,56300,RAINFOREST_RESIN,10002,1,9996.0,2.0,9995.0,25.0,10004,2,10005.0,25.0,,,10003.0,-180.0
1128,-1,56400,KELP,2018,31,,,,,2022,31,,,,,2020.0,250.28125
1129,-1,56400,RAINFOREST_RESIN,9996,1,9995.0,30.0,,,10004,1,10005.0,30.0,,,10000.0,-180.0
1130,-1,56500,RAINFOREST_RESIN,9996,2,9995.0,27.0,,,10004,2,10005.0,27.0,,,10000.0,-180.0
1131,-1,56500,KELP,2018,29,,,,,2022,29,,,,,2020.0,251.734375
1132,-1,56600,RAINFOREST_RESIN,9996,2,9995.0,29.0,,,10002,4,10004.0,2.0,10005.0,29.0,9999.0,-180.0
1133,-1,56600,KELP,2019,2,2018.0,29.0,,,2022,31,,,,,2020.5,244.2421875
1134,-1,56700,KELP,2020,6,2018.0,26.0,,,2022,26,,,,,2021.0,254.2734375
1135,-1,56700,RAINFOREST_RESIN,9998,3,9996.0,2.0,9995.0,24.0,10000,2,10004.0,2.0,10005.0,24.0,9999.0,-180.0
1136,-1,56800,KELP,2018,24,,,,,2021,2,2022.0,22.0,,,2019.5,259.5078125
1137,-1,56800,RAINFOREST_RESIN,10002,1,9998.0,10.0,9996.0,2.0,10004,2,10005.0,22.0,,,10003.0,-180.0
1138,-1,56900,RAINFOREST_RESIN,9996,2,9995.0,20.0,,,10004,2,10005.0,20.0,,,10000.0,-180.0
1139,-1,56900,KELP,2018,24,,,,,2021,22,,,,,2019.5,271.4375
1140,-1,57000,RAINFOREST_RESIN,9996,1,9995.0,27.0,,,10004,1,10005.0,27.0,,,10000.0,-180.0
1141,-1,57000,KELP,2018,28,,,,,2020,8,2021.0,28.0,,,2019.0,288.0546875
1142,-1,57100,KELP,2017,27,,,,,2020,27,,,,,2018.5,314.546875
1143,-1,57100,RAINFOREST_RESIN,9996,2,9995.0,25.0,,,10004,2,10005.0,25.0,,,10000.0,-180.0
1144,-1,57200,KELP,2019,1,2017.0,27.0,,,2020,27,,,,,2019.5,322.3671875
1145,-1,57200,RAINFOREST_RESIN,10002,2,9996.0,1.0,9995.0,26.0,10004,1,10005.0,26.0,,,10003.0,-180.0
1146,-1,57300,RAINFOREST_RESIN,9996,1,9995.0,26.0,,,10002,9,10004.0,1.0,10005.0,26.0,9999.0,-180.0
1147,-1,57300,KELP,2017,27,,,,,2020,27,,,,,2018.5,317.265625
1148,-1,57400,RAINFOREST_RESIN,9995,24,,,,,10005,24,,,,,10000.0,-180.0
1149,-1,57400,KELP,2017,24,,,,,2019,2,2020.0,24.0,,,2018.0,321.9609375
1150,-1,57500,KELP,2019,5,2017.0,30.0,,,2020,25,,,,,2019.5,321.1484375
1151,-1,57500,RAINFOREST_RESIN,9998,5,9996.0,2.0,9995.0,23.0,10004,2,10005.0,23.0,,,10001.0,-180.0
1152,-1,57600,KELP,2017,24,,,,,2020,24,,,,,2018.5,317.34375
1153,-1,57600,RAINFOREST_RESIN,9995,24,,,,,10005,24,,,,,10000.0,-180.0
1154,-1,57700,RAINFOREST_RESIN,9995,29,,,,,10005,29,,,,,10000.0,-180.0
1155,-1,57700,KELP,2017,29,,,,,2020,29,,,,,2018.5,318.140625
1156,-1,57800,RAINFOREST_RESIN,9998,1,9996.0,2.0,9995.0,29.0,10004,2,10005.0,29.0,,,10001.0,-180.0
1157,-1,57800,KELP,2017,31,,,,,2020,2,2021.0,29.0,,,2018.5,307.8359375
1158,-1,57900,KELP,2017,27,,,,,2018,6,2019.0,5.0,2020.0,2.0,2017.5,311.4140625
1159,-1,57900,RAINFOREST_RESIN,9996,2,9995.0,25.0,,,9998,1,10000.0,6.0,10004.0,2.0,9997.0,-180.0
1160,-1,58000,KELP,2017,29,,,,,2020,1,2021.0,24.0,,,2018.5,312.109375
1161,-1,58000,RAINFOREST_RESIN,9996,1,9995.0,24.0,,,9998,4,10004.0,1.0,10005.0,24.0,9997.0,-180.0
1162,-1,58100,RAINFOREST_RESIN,9995,23,,,,,10005,23,,,,,10000.0,-180.0
1163,-1,58100,KELP,2017,23,,,,,2020,23,,,,,2018.5,327.484375
1164,-1,58200,RAINFOREST_RESIN,9996,1,9995.0,30.0,,,10004,1,10005.0,30.0,,,10000.0,-180.0
1165,-1,58200,KELP,2017,31,,,,,2020,31,,,,,2018.5,324.359375
1166,-1,58300,KELP,2017,29,,,,,2020,29,,,,,2018.5,326.78125
1167,-1,58300,RAINFOREST_RESIN,9995,29,,,,,10005,29,,,,,10000.0,-180.0
1168,-1,58400,KELP,2016,23,,,,,2018,1,2019.0,23.0,,,2017.0,381.5625
1169,-1,58400,RAINFOREST_RESIN,9996,2,9995.0,21.0,,,10004,2,10005.0,21.0,,,10000.0,-180.0
1170,-1,58500,RAINFOREST_RESIN,9995,21,,,,,10002,1,10005.0,21.0,,,9998.5,-180.0
1171,-1,58500,KELP,2016,21,,,,,2019,21,,,,,2017.5,390.2109375
1172,-1,58600,RAINFOREST_RESIN,10002,1,9995.0,25.0,,,10005,25,,,,,10003.5,-180.0
1173,-1,58600,KELP,2015,25,,,,,2017,7,2019.0,25.0,,,2016.0,403.0390625
1174,-1,58700,KELP,2015,34,,,,,2018,32,,,,,2016.5,416.46875
1175,-1,58700,RAINFOREST_RESIN,9996,2,9995.0,30.0,,,10004,2,10005.0,30.0,,,10000.0,-180.0
1176,-1,58800,KELP,2015,29,,,,,2019,29,,,,,2017.0,404.5390625
1177,-1,58800,RAINFOREST_RESIN,9995,29,,,,,10002,1,10005.0,29.0,,,9998.5,-180.0
1178,-1,58900,RAINFOREST_RESIN,9996,1,9995.0,24.0,,,10004,1,10005.0,24.0,,,10000.0,-180.0
1179,-1,58900,KELP,2015,25,,,,,2019,25,,,,,2017.0,397.2734375
1180,-1,59000,RAINFOREST_RESIN,9996,2,9995.0,20.0,,,10004,2,10005.0,20.0,,,10000.0,-180.0
1181,-1,59000,KELP,2016,22,,,,,2019,22,,,,,2017.5,383.15625
1182,-1,59100,KELP,2016,34,,,,,2019,27,,,,,2017.5,371.59375
1183,-1,59100,RAINFOREST_RESIN,9995,27,,,,,10005,27,,,,,10000.0,-180.0
1184,-1,59200,KELP,2016,31,,,,,2020,31,,,,,2018.0,348.390625
1185,-1,59200,RAINFOREST_RESIN,9998,4,9996.0,2.0,9995.0,29.0,10004,2,10005.0,29.0,,,10001.0,-180.0
1186,-1,59300,RAINFOREST_RESIN,9996,1,9995.0,26.0,,,10004,1,10005.0,26.0,,,10000.0,-180.0
1187,-1,59300,KELP,2016,26,,,,,2018,2,2019.0,27.0,,,2017.0,369.90625
1188,-1,59400,RAINFOREST_RESIN,9996,1,9995.0,21.0,,,10004,1,10005.0,21.0,,,10000.0,-180.0
1189,-1,59400,KELP,2015,22,,,,,2019,22,,,,,2017.0,397.8046875
1190,-1,59500,KELP,2015,23,,,,,2019,23,,,,,2017.0,393.1640625
1191,-1,59500,RAINFOREST_RESIN,10002,5,9995.0,23.0,,,10005,23,,,,,10003.5,-180.0
1192,-1,59600,KELP,2016,29,,,,,2019,29,,,,,2017.5,387.3359375
1193,-1,59600,RAINFOREST_RESIN,9996,2,9995.0,27.0,,,10004,2,10005.0,27.0,,,10000.0,-180.0
1194,-1,59700,RAINFOREST_RESIN,9995,21,,,,,10005,21,,,,,10000.0,-180.0
1195,-1,59700,KELP,2015,21,,,,,2018,21,,,,,2016.5,429.1796875
1196,-1,59800,RAINFOREST_RESIN,9996,1,9995.0,24.0,,,10004,1,10005.0,24.0,,,10000.0,-180.0
1197,-1,59800,KELP,2015,25,,,,,2018,25,,,,,2016.5,423.3984375
1198,-1,59900,KELP,2015,24,,,,,2018,24,,,,,2016.5,429.5703125
1199,-1,59900,RAINFOREST_RESIN,9996,1,9995.0,23.0,,,10002,6,10004.0,1.0,10005.0,23.0,9999.0,-180.0
1200,-1,60000,KELP,2015,22,,,,,2018,22,,,,,2016.5,424.5078125
1201,-1,60000,RAINFOREST_RESIN,9998,3,9995.0,22.0,,,10005,22,,,,,10001.5,-180.0
1202,-1,60100,RAINFOREST_RESIN,9996,2,9995.0,25.0,,,10004,2,10005.0,25.0,,,10000.0,-180.0
1203,-1,60100,KELP,2015,27,,,,,2018,27,,,,,2016.5,428.46875
1204,-1,60200,RAINFOREST_RESIN,9995,25,,,,,10005,25,,,,,10000.0,-180.0
1205,-1,60200,KELP,2016,3,2015.0,25.0,,,2018,25,,,,,2017.0,439.8984375
1206,-1,60300,KELP,2015,28,,,,,2018,28,,,,,2016.5,441.3359375
1207,-1,60300,RAINFOREST_RESIN,9996,1,9995.0,27.0,,,10004,1,10005.0,27.0,,,10000.0,-180.0
1208,-1,60400,KELP,2015,1,2014.0,20.0,,,2018,21,,,,,2016.5,446.0078125
1209,-1,60400,RAINFOREST_RESIN,9996,1,9995.0,20.0,,,9998,1,10004.0,1.0,10005.0,20.0,9997.0,-180.0
1210,-1,60500,RAINFOREST_RESIN,9996,1,9995.0,23.0,,,10004,1,10005.0,23.0,,,10000.0,-180.0
1211,-1,60500,KELP,2015,24,,,,,2018,24,,,,,2016.5,419.7890625
1212,-1,60600,RAINFOREST_RESIN,9996,2,9995.0,22.0,,,10004,2,10005.0,22.0,,,10000.0,-180.0
1213,-1,60600,KELP,2015,26,,,,,2018,24,,,,,2016.5,421.21875
1214,-1,60700,KELP,2015,22,,,,,2017,5,2018.0,22.0,,,2016.0,421.609375
1215,-1,60700,RAINFOREST_RESIN,9995,22,,,,,10005,22,,,,,10000.0,-180.0
1216,-1,60800,KELP,2015,31,,,,,2018,32,,,,,2016.5,420.9296875
1217,-1,60800,RAINFOREST_RESIN,10002,10,9996.0,2.0,9995.0,30.0,10004,2,10005.0,30.0,,,10003.0,-180.0
1218,-1,60900,RAINFOREST_RESIN,9996,2,9995.0,29.0,,,10004,2,10005.0,29.0,,,10000.0,-180.0
1219,-1,60900,KELP,2015,28,,,,,2017,4,2018.0,31.0,,,2016.0,432.734375
1220,-1,61000,RAINFOREST_RESIN,9995,28,,,,,10005,28,,,,,10000.0,-180.0
1221,-1,61000,KELP,2015,28,,,,,2018,28,,,,,2016.5,426.2109375
1222,-1,61100,KELP,2015,29,,,,,2017,3,2018.0,29.0,,,2016.0,440.6953125
1223,-1,61100,RAINFOREST_RESIN,9995,29,,,,,10005,29,,,,,10000.0,-180.0
1224,-1,61200,KELP,2015,22,,,,,2016,2,2018.0,22.0,,,2015.5,428.3984375
1225,-1,61200,RAINFOREST_RESIN,9998,9,9996.0,1.0,9995.0,21.0,10000,2,10004.0,1.0,10005.0,21.0,9999.0,-180.0
1226,-1,61300,RAINFOREST_RESIN,9996,1,9995.0,22.0,,,10004,1,10005.0,22.0,,,10000.0,-180.0
1227,-1,61300,KELP,2015,23,,,,,2018,23,,,,,2016.5,415.125
1228,-1,61400,RAINFOREST_RESIN,9996,1,9995.0,30.0,,,10004,1,10005.0,30.0,,,10000.0,-180.0
1229,-1,61400,KELP,2015,31,,,,,2018,1,2019.0,30.0,,,2016.5,410.171875
1230,-1,61500,KELP,2015,29,,,,,2018,29,,,,,2016.5,429.5546875
1231,-1,61500,RAINFOREST_RESIN,9996,2,9995.0,27.0,,,10004,2,10005.0,27.0,,,10000.0,-180.0
1232,-1,61600,RAINFOREST_RESIN,9996,2,9995.0,28.0,,,10004,2,10005.0,28.0,,,10000.0,-180.0
1233,-1,61600,KELP,2015,30,,,,,2017,5,2018.0,30.0,,,2016.0,440.1796875
1234,-1,61700,KELP,2014,26,,,,,2016,7,2017.0,27.0,,,2015.0,475.6640625
1235,-1,61700,RAINFOREST_RESIN,9996,1,9995.0,26.0,,,10004,1,10005.0,26.0,,,10000.0,-180.0
1236,-1,61800,RAINFOREST_RESIN,9995,20,,,,,10005,20,,,,,10000.0,-180.0
1237,-1,61800,KELP,2015,20,,,,,2018,20,,,,,2016.5,438.0625
1238,-1,61900,KELP,2014,26,,,,,2017,26,,,,,2015.5,471.640625
1239,-1,61900,RAINFOREST_RESIN,9995,26,,,,,9998,1,10005.0,26.0,,,9996.5,-180.0
1240,-1,62000,RAINFOREST_RESIN,9995,20,,,,,10005,20,,,,,10000.0,-180.0
1241,-1,62000,KELP,2016,1,2014.0,20.0,,,2017,20,,,,,2016.5,468.8359375
1242,-1,62100,KELP,2014,25,,,,,2017,25,,,,,2015.5,465.7265625
1243,-1,62100,RAINFOREST_RESIN,9996,2,9995.0,23.0,,,10004,2,10005.0,23.0,,,10000.0,-180.0
1244,-1,62200,RAINFOREST_RESIN,9995,25,,,,,10002,3,10005.0,25.0,,,9998.5,-180.0
1245,-1,62200,KELP,2014,25,,,,,2017,25,,,,,2015.5,472.5
1246,-1,62300,KELP,2014,22,,,,,2017,22,,,,,2015.5,467.328125
1247,-1,62300,RAINFOREST_RESIN,9995,22,,,,,10005,22,,,,,10000.0,-180.0
1248,-1,62400,RAINFOREST_RESIN,9996,2,9995.0,23.0,,,10004,2,10005.0,23.0,,,10000.0,-180.0
1249,-1,62400,KELP,2014,25,,,,,2016,8,2018.0,25.0,,,2015.0,446.8515625
1250,-1,62500,KELP,2015,3,2014.0,23.0,,,2018,24,,,,,2016.5,445.515625
1251,-1,62500,RAINFOREST_RESIN,9996,1,9995.0,23.0,,,10004,1,10005.0,23.0,,,10000.0,-180.0
1252,-1,62600,RAINFOREST_RESIN,9995,29,,,,,10005,29,,,,,10000.0,-180.0
1253,-1,62600,KELP,2015,29,,,,,2018,29,,,,,2016.5,422.78125
1254,-1,62700,KELP,2015,26,,,,,2018,26,,,,,2016.5,424.7734375
1255,-1,62700,RAINFOREST_RESIN,9996,2,9995.0,24.0,,,10004,2,10005.0,24.0,,,10000.0,-180.0
1256,-1,62800,RAINFOREST_RESIN,9995,26,,,,,10005,26,,,,,10000.0,-180.0
1257,-1,62800,KELP,2015,25,,,,,2017,1,2019.0,26.0,,,2016.0,406.546875
1258,-1,62900,KELP,2016,29,,,,,2018,1,2019.0,29.0,,,2017.0,380.0
1259,-1,62900,RAINFOREST_RESIN,9996,2,9995.0,27.0,,,9998,4,10004.0,2.0,10005.0,27.0,9997.0,-180.0
1260,-1,63000,RAINFOREST_RESIN,9995,29,,,,,10005,29,,,,,10000.0,-180.0
1261,-1,63000,KELP,2016,29,,,,,2018,4,2019.0,29.0,,,2017.0,377.2578125
1262,-1,63100,KELP,2016,25,,,,,2020,26,,,,,2018.0,354.4140625
1263,-1,63100,RAINFOREST_RESIN,9996,2,9995.0,24.0,,,10004,2,10005.0,24.0,,,10000.0,-180.0
1264,-1,63200,RAINFOREST_RESIN,9995,28,,,,,10005,28,,,,,10000.0,-180.0
1265,-1,63200,KELP,2016,28,,,,,2020,28,,,,,2018.0,352.6484375
1266,-1,63300,KELP,2016,32,,,,,2019,2,2020.0,30.0,,,2017.5,358.765625
1267,-1,63300,RAINFOREST_RESIN,9996,2,9995.0,30.0,,,10004,2,10005.0,30.0,,,10000.0,-180.0
1268,-1,63400,RAINFOREST_RESIN,9996,2,9995.0,24.0,,,10004,2,10005.0,24.0,,,10000.0,-180.0
1269,-1,63400,KELP,2018,3,2016.0,26.0,,,2020,26,,,,,2019.0,355.7265625
1270,-1,63500,KELP,2016,22,,,,,2019,20,,,,,2017.5,363.3515625
1271,-1,63500,RAINFOREST_RESIN,9998,8,9995.0,20.0,,,10005,20,,,,,10001.5,-180.0
1272,-1,63600,RAINFOREST_RESIN,9995,21,,,,,10005,21,,,,,10000.0,-180.0
1273,-1,63600,KELP,2018,1,2016.0,21.0,,,2019,21,,,,,2018.5,367.890625
1274,-1,63700,KELP,2017,8,2016.0,30.0,,,2019,2,2020.0,28.0,,,2018.0,358.8203125
1275,-1,63700,RAINFOREST_RESIN,9996,2,9995.0,28.0,,,10002,6,10004.0,2.0,10005.0,28.0,9999.0,-180.0
1276,-1,63800,RAINFOREST_RESIN,9996,1,9995.0,21.0,,,10004,1,10005.0,21.0,,,10000.0,-180.0
1277,-1,63800,KELP,2016,21,,,,,2018,7,2020.0,22.0,,,2017.0,353.546875
1278,-1,63900,KELP,2016,21,,,,,2018,6,2020.0,21.0,,,2017.0,361.125
1279,-1,63900,RAINFOREST_RESIN,9995,21,,,,,10005,21,,,,,10000.0,-180.0
1280,-1,64000,RAINFOREST_RESIN,9998,6,9995.0,30.0,,,10005,30,,,,,10001.5,-180.0
1281,-1,64000,KELP,2016,30,,,,,2019,30,,,,,2017.5,365.984375
1282,-1,64100,KELP,2016,27,,,,,2019,27,,,,,2017.5,365.9609375
1283,-1,64100,RAINFOREST_RESIN,9995,27,,,,,10002,6,10005.0,27.0,,,9998.5,-180.0
1284,-1,64200,KELP,2015,25,,,,,2018,25,,,,,2016.5,416.5
1285,-1,64200,RAINFOREST_RESIN,9996,1,9995.0,24.0,,,10004,1,10005.0,24.0,,,10000.0,-180.0
1286,-1,64300,RAINFOREST_RESIN,9998,7,9996.0,1.0,9995.0,22.0,10004,1,10005.0,22.0,,,10001.0,-180.0
1287,-1,64300,KELP,2015,23,,,,,2018,23,,,,,2016.5,429.1875
1288,-1,64400,RAINFOREST_RESIN,9998,8,9996.0,2.0,9995.0,27.0,10004,2,10005.0,27.0,,,10001.0,-180.0
1289,-1,64400,KELP,2015,31,,,,,2018,29,,,,,2016.5,425.953125
1290,-1,64500,KELP,2015,29,,,,,2017,6,2018.0,29.0,,,2016.0,421.234375
1291,-1,64500,RAINFOREST_RESIN,9998,5,9996.0,2.0,9995.0,27.0,10004,2,10005.0,27.0,,,10001.0,-180.0
1292,-1,64600,KELP,2015,26,,,,,2018,26,,,,,2016.5,426.375
1293,-1,64600,RAINFOREST_RESIN,9995,26,,,,,10005,26,,,,,10000.0,-180.0
1294,-1,64700,RAINFOREST_RESIN,9995,28,,,,,10005,28,,,,,10000.0,-180.0
1295,-1,64700,KELP,2015,28,,,,,2018,28,,,,,2016.5,441.2421875
1296,-1,64800,RAINFOREST_RESIN,9996,2,9995.0,30.0,,,10004,2,10005.0,30.0,,,10000.0,-180.0
1297,-1,64800,KELP,2015,2,2014.0,30.0,,,2018,32,,,,,2016.5,442.328125
1298,-1,64900,KELP,2015,31,,,,,2017,3,2018.0,31.0,,,2016.0,441.25
1299,-1,64900,RAINFOREST_RESIN,9996,2,9995.0,29.0,,,10004,2,10005.0,29.0,,,10000.0,-180.0
1300,-1,65000,KELP,2015,25,,,,,2018,25,,,,,2016.5,425.0078125
1301,-1,65000,RAINFOREST_RESIN,9995,25,,,,,9998,1,10005.0,25.0,,,9996.5,-180.0
1302,-1,65100,RAINFOREST_RESIN,9996,2,9995.0,23.0,,,10004,2,10005.0,23.0,,,10000.0,-180.0
1303,-1,65100,KELP,2015,25,,,,,2018,25,,,,,2016.5,430.4921875
1304,-1,65200,RAINFOREST_RESIN,9998,8,9995.0,29.0,,,10005,29,,,,,10001.5,-180.0
1305,-1,65200,KELP,2017,1,2015.0,29.0,,,2019,29,,,,,2018.0,404.0234375
1306,-1,65300,KELP,2015,21,,,,,2017,2,2018.0,21.0,,,2016.0,421.234375
1307,-1,65300,RAINFOREST_RESIN,9995,21,,,,,10002,3,10005.0,21.0,,,9998.5,-180.0
1308,-1,65400,KELP,2015,28,,,,,2016,3,2018.0,28.0,,,2015.5,416.203125
1309,-1,65400,RAINFOREST_RESIN,9996,2,9995.0,26.0,,,10000,3,10004.0,2.0,10005.0,26.0,9998.0,-180.0
1310,-1,65500,RAINFOREST_RESIN,9996,2,9995.0,27.0,,,10004,2,10005.0,27.0,,,10000.0,-180.0
1311,-1,65500,KELP,2015,36,,,,,2018,29,,,,,2016.5,426.515625
1312,-1,65600,RAINFOREST_RESIN,9998,5,9995.0,20.0,,,10005,20,,,,,10001.5,-180.0
1313,-1,65600,KELP,2015,20,,,,,2019,20,,,,,2017.0,410.4453125
1314,-1,65700,KELP,2014,29,,,,,2018,29,,,,,2016.0,444.203125
1315,-1,65700,RAINFOREST_RESIN,9995,29,,,,,10005,29,,,,,10000.0,-180.0
1316,-1,65800,KELP,2015,20,,,,,2017,7,2018.0,20.0,,,2016.0,439.546875
1317,-1,65800,RAINFOREST_RESIN,9998,9,9995.0,20.0,,,10005,20,,,,,10001.5,-180.0
1318,-1,65900,RAINFOREST_RESIN,9996,1,9995.0,23.0,,,10004,1,10005.0,23.0,,,10000.0,-180.0
1319,-1,65900,KELP,2015,29,,,,,2018,24,,,,,2016.5,429.71875
1320,-1,66000,RAINFOREST_RESIN,9998,4,9996.0,2.0,9995.0,22.0,10004,2,10005.0,22.0,,,10001.0,-180.0
1321,-1,66000,KELP,2015,24,,,,,2018,24,,,,,2016.5,428.65625
1322,-1,66100,KELP,2015,27,,,,,2018,27,,,,,2016.5,423.109375
1323,-1,66100,RAINFOREST_RESIN,9996,1,9995.0,26.0,,,9998,1,10004.0,1.0,10005.0,26.0,9997.0,-180.0
1324,-1,66200,KELP,2016,5,2015.0,20.0,,,2019,20,,,,,2017.5,402.6640625
1325,-1,66200,RAINFOREST_RESIN,10002,1,10000.0,5.0,9995.0,20.0,10005,20,,,,,10003.5,-180.0
1326,-1,66300,RAINFOREST_RESIN,9996,1,9995.0,24.0,,,10004,1,10005.0,24.0,,,10000.0,-180.0
1327,-1,66300,KELP,2018,1,2016.0,2.0,2015.0,25.0,2019,25,,,,,2018.5,398.109375
